2800 4909
138 272 192 401 'ae
460 332 499 413 q.
526 294 747 396 nonarrr
774 326 960 394 raaces

149 488 283 579 Siquis
305 510 385 577 eum
408 510 562 573 servum,
587 488 739 581 patinam
761 487 821 577 qui
845 489 969 557 tollere
987 489 1095 561 iussus
1224 488 1278 560 80

148 593 306 663 Semesos
327 596 440 685 pisces
461 592 686 684 tepidumque
705 591 889 683 ligurrierit
912 590 975 677 ine,

148 698 189 765 ln
212 716 315 765 eruce
343 696 501 788 suffigatr
525 696 690 765 Labeone
707 694 856 763 insanior
879 697 967 765 inter

147 799 256 869 Sanos
277 798 436 867 dicamr?
486 798 720 885 Quantohoe
735 798 892 867 furiosius
915 808 1018 889 etque

147 902 260 972 Maius
282 912 464 993 peecatum
487 914 553 973 eet:
577 904 733 995 paullum
758 901 903 992 deliquit
930 904 1068 986 amicus,

148 1006 273 1097 (Quod
293 1006 355 1074 nisi
378 1006 568 1091 concedas,
594 1006 745 1076 habeare
764 1003 926 1094 ἰίιειιεινίε)
949 1008 1103 1077 acerbus
1208 998 1290 1071 ›85-

148 1109 263 1180 odissi
288 1120 323 1177 et
345 1109 437 1203 lugia
462 1120 501 1178 ut
520 1112 695 1179 lluaouem
722 1109 857 1179 debitor
878 1111 976 1195 aeris,

148 1266 306 1333 signatiora
320 1270 393 1331 aunt,
410 1262 552 1336 ,suppliciis
565 1262 692 1330 gravlori·
734 1263 805 1316 dieto
817 1262 913 1317 leviore
931 1265 997 1318 servi
1010 1268 1138 1333 penato,
1163 1260 1281 1328 suppleri

150 1352 200 1407 bns
219 1348 345 1403 conant
437 1364 441 1372 ·
734 1348 804 1401 enim
833 1349 947 1401 debebat
968 1350 1016 1402 ltoc
1045 1350 1071 1400 in
1100 1338 1220 1400 ablativo
1244 1344 1282 1398 ad

193 1451 218 1488 r.
232 1436 275 1489 80.
295 1434 386 1488 tollere
397 1448 434 1509 ις.
454 1434 596 1489 demensa.
730 1434 870 1501 seriosius,
882 1436 946 1487 'nisi
959 1435 1089 1488 adiectam
1104 1432 1209 1494 luisset3
1234 1431 1282 1497 qui

194 1537 219 1573 v.
232 1522 275 1573 81.
296 1521 453 1590 ligurrierit,
467 1518 650 1585 degustaverit.
735 1519 785 1571 lieo
800 1522 828 1573 in
843 1522 1000 1574 nominativo
1013 1520 1160 1585 accipiunt,
1182 1523 1213 1568 ut
1225 1509 1282 1569 'sita

93 1594 97 1613 ⁸
195 1621 219 1659 v.
232 1604 274 1659 82.
297 1606 416 1659 Labeone
432 1605 480 1658 ina.
495 1605 515 1657 i.
530 1607 557 1671 S,
569 1602 694 1658 dicuni
735 1619 846 1671 sequens
859 1613 1011 1673 peccatum,
1029 1604 1155 1657 orationis
1172 1603 1283 1669 elegan-

152 1690 222 1744 buue
250 1691 354 1757 locum,
379 1692 455 1757 signo
485 1689 696 1757 interrogationis
713 1714 719 1725 ·
736 1690 800 1741 tiam
825 1692 947 1755 turbant3
966 1691 1115 1758 seriosius,
1142 1694 1284 1756 peccatum

152 1782 214 1845 post
237 1775 342 1831 benur
366 1774 470 1845 posito,
501 1776 540 1828 ita
563 1775 694 1841 intelligo:
732 1776 881 1841 seriorum,
901 1776 974 1842 quod·
995 1776 1132 1829 committit
1146 1772 1223 1826 bomo
1238 1770 1284 1823 lu-

152 1876 215 1915 num
230 1862 269 1927 is,
297 1862 340 1929 qui
357 1876 458 1913 servum
471 1861 505 1913 ob
520 1860 643 1914 delictum
657 1862 695 1915 le·
738 1876 798 1913 rore
811 1862 934 1929 percitus.
944 1888 982 1902 --
996 1862 1114 1931 puellum
1128 1859 1216 1927 deliq,
1231 1871 1282 1924 pro

153 1948 208 1999 vius
223 1947 250 1999 ln
267 1962 346 2003 mooe
358 1945 477 2013 suffigat,
497 1946 623 1999 Labeone
632 1960 696 1999 sane
736 1948 851 2012 vulgarit
881 1948 924 2011 „si
949 1949 1075 2011 amioum,
1106 1946 1149 2010 qui
1175 1944 1284 2009 paulum

152 2032 277 2096 insanior,
288 2032 441 2085 intersertos
449 2030 598 2083 referatur?
618 2031 697 2089 ouon
739 2030 861 2098 deliquit,
881 2031 995 2096 odisti,“
1014 2031 1138 2084 viridiore
1159 2028 1284 2079 oratioue
1394 2041 1395 2050 ¹

152 2116 177 2170 ai
192 2123 279 2170 autem
290 2114 333 2169 bie
343 2119 415 2170 loeus
429 2116 485 2168 eine
493 2117 697 2182 interrogatione
737 2116 795 2183 ipse
807 2131 919 2182 peccans
938 2116 1075 2169 inducitur.
1094 2142 1130 2154 -·
1147 2112 1228 2165 odini
1242 2127 1282 2166 so.
1306 2133 1313 2148 .

151 2202 299 2255 efferendus
315 2203 367 2266 sit,
392 2216 442 2268 pro
455 2201 573 2266 beatur,
596 2202 696 2253 malim:
739 2216 807 2254 eum.
832 2228 870 2242 -
893 2202 1039 2266 Ruonem,
1071 2200 1198 2252 famosum
1224 2203 1283 2251 tuna

152 2290 310 2350 dioetur3
332 2293 362 2338 ut
379 2287 428 2338 aits
452 2287 552 2340 banne
570 2287 638 2339 inter
651 2302 697 2339 aa·
739 2284 939 2351 foeneratorem,
949 2290 1021 2339 onius
1035 2286 1285 2346 acerbitatem,eurn

152 2386 201 2427 stoa
214 2372 296 2441 (iuter
310 2370 426 2427 homines
439 2373 496 2423 sani
509 2370 607 2436 iudicii,
620 2388 637 2424 a
652 2388 696 2423 sa·
740 2372 806 2436 dies,
826 2388 879 2439 quo
893 2388 951 2424 sors
967 2380 1012 2424 aut
1027 2386 1122 2423 usone
1140 2368 1285 2433 solvendae

153 2459 207 2525 nis)
236 2456 314 2511 bomo
339 2458 397 2524 ipso
423 2456 551 2509 Labeone
583 2458 698 2510 insanior
740 2464 843 2521 essent,
865 2460 995 2524 venisset,
1016 2458 1087 2509 nulla
1103 2458 1155 2508 alia
1167 2472 1198 2506 re
1210 2454 1284 2506 miti-

154 2542 333 2611 appellabitur.
360 2542 453 2594 Vtrum
466 2541 648 2608 intelligendus
664 2543 698 2595 rit
738 2558 804 2609 gase
817 2549 845 2595 et
864 2543 979 2609 effugere
999 2548 1122 2609 poterent
1141 2540 1285 2603 debitores,

154 2626 193 2679 Μ.
209 2626 334 2699 dritistius
349 2627 456 2691 Labeo,
478 2626 646 2693 Praetorius,
670 2632 698 2681 et
739 2642 817 2693 quarn
833 2628 856 2679 si
875 2628 900 2680 ei
926 2628 1062 2692 recitanti,
1081 2642 1146 2694 quas
1169 2626 1285 2692 seripse-

153 2712 225 2765 sarm
240 2712 466 2777 celebratissimus,
482 2710 619 2779 (quiquie
631 2714 701 2769 mule
739 2718 796 2777 rat,
820 2712 942 2765 historias
963 2714 1094 2780 patienter
1116 2726 1191 2765 aurea
1208 2726 1292 2786 οοιιι-1

155 2805 184 2849 ta
201 2798 403 2861 contumaciter,
432 2803 462 2849 ut
483 2798 516 2850 ad
530 2796 598 2850 buno
611 2800 697 2851 locum
738 2798 883 2850 moderent.
906 2798 1047 2863 calendae,
1059 2799 1151 2865 quibus
1165 2803 1211 2849 aut
1224 2812 1286 2848 sora

154 2884 277 2936 observat
287 2888 360 2935 vetus
376 2882 547 2947 Seboliastes,
573 2884 696 2936 adversus
738 2882 839 2936 foenori
852 2882 931 2949 data,
958 2890 1004 2937 ant
1025 2883 1288 2937 neuraealoenera-

99 2982 102 2989 ’
155 2970 297 3021 Caesarem
310 2968 405 3019 dixerit
417 2966 572 3035 feceritque,
590 2970 622 3021 ab
638 2968 697 3020 Ho-
738 2973 798 3020 tore
833 2968 1036 3035 redigebantur;
1073 2968 1133 3021 irino
1169 2969 1288 3020 suaviter

155 3056 239 3117 ratio,
261 3060 290 3105 ut
305 3056 423 3119 Augruto
443 3054 608 3118 adularetur,
628 3068 698 3107 nuno
738 3054 826 3107 tristes
847 3054 967 3109 dicuntur
980 3056 1075 3107 minero
1088 3053 1207 3117 debitori,
1229 3054 1286 3119 qui,

156 3145 186 3192 ut
208 3138 285 3193 bomo
305 3139 410 3191 ibsauua
431 3138 552 3191 inductus
573 3138 638 3206 sit3)
662 3156 697 3195 eu
739 3139 810 3205 quod
824 3138 910 3205 debet,
935 3156 988 3193 non
1014 3143 1114 3192 solvere
1135 3145 1229 3206 potest.
1249 3136 1285 3188 ei.

155 3223 241 3290 (quod
259 3224 340 3279 multo
361 3223 531 3296 probabilius)
552 3226 617 3276 alius
639 3227 696 3290 qni·
739 3239 809 3292 supr.
831 3226 866 3277 ad
888 3221 973 3293 Epo'd.
994 3225 1029 3290 ll,
1053 3224 1096 3279 69.
1112 3226 1155 3280 70.
1174 3252 1210 3262 -
1230 3222 1286 3273 nisi

156 3309 216 3363 daur
232 3308 308 3361 bomo
320 3309 442 3375 ignobilis
454 3310 570 3364 insaniae
584 3310 697 3377 quodam
738 3311 841 3363 merl
864 3328 890 3363 n.
904 3324 929 3363 tt.
947 3312 1009 3367 und.
1023 3310 1087 3363 mad.
1102 3310 1219 3372 ertrleot,
1233 3308 1284 3361 nisi

155 3408 253 3459 genere
267 3400 321 3446 turn
337 3402 432 3459 notus3
452 3394 480 3447 id
494 3395 638 3448 docendum
654 3398 696 3460 iia,
740 3403 786 3447 aut
809 3409 900 3447 neuma
923 3403 968 3448 aut
995 3403 1094 3448 sortem
1114 3396 1285 3458 undecunque

156 3494 221 3545 quos
236 3480 262 3533 in
276 3479 339 3531 talia
353 3480 499 3546 diligentius
512 3481 643 3548 inquirere
656 3482 696 3533 iu·
739 3480 845 3532 tandem
859 3482 965 3547 expedit
978 3489 1005 3533 et
1020 3482 1106 3546 cogita
1130 3495 1190 3531 nos:
1209 3494 1285 3529 menn

154 3571 207 3629 vat,
219 3564 390 3630 relinquimus.
740 3568 852 3618 “nield
862 3566 956 3619 Zineen
968 3568 1031 3618 oder
1039 3566 1153 3632 Capitol,
1167 3580 1207 3616 roo
1221 3580 1285 3615 eres

163 3676 167 3683 ·
197 3665 221 3701 v.
244 3648 375 3702 tte-86.
421 3650 524 3715 Quale
551 3650 600 3701 boa
634 3658 700 3705 cett.
737 3650 1285 3719 nucbirnnerberbelronrnenmng,eebes-

156 3740 254 3801 quanto
278 3735 381 3802 gravius
402 3732 452 3786 boe
472 3734 566 3787 leniore
585 3742 696 3801 peeoato
730 3738 782 3803 sen
793 3738 1285 3807 u.nnsbringenlsnnn.-nmnrnr,sc.

154 3802 231 3883 serii,
248 3822 292 3885 qni
305 3834 418 3873 semeron
437 3820 520 3887 pianes·
536 3826 563 3873 et
579 3821 696 3887 tepidum
736 3821 860 3874 audienti.
874 3850 911 3863 -·
923 3829 1040 3893 porrecto
1055 3822 1158 3891 iugulo,
1173 3820 1284 3872 seoeei-

156 3908 195 3958 iue
219 3905 407 3972 degustaverit,
437 3911 463 3957 et
482 3912 579 3971 quanto
605 3907 696 3970 maius,
738 3908 851 3960 dendnnr
864 3910 937 3974 quasi
952 3906 1206 3969 tradenereoitanti3
1221 3922 1284 3958 narn

156 3991 227 4057 quod
237 3996 266 4041 tu
281 3992 436 4055 committis,
454 3998 495 4042 est
510 3998 654 4055 parentum,
675 3992 696 4042 si
729 3989 957 4060 mali'seriptores
971 3994 1070 4060 scripta
1081 4007 1130 4044 aua
1147 3992 1286 4044 recitando

157 4078 284 4141 nminem,
307 4076 350 4141 qui
365 4077 470 4143 paulum
491 4075 613 4143 deliquit,
638 4076 701 4142 (nial
743 4093 797 4141 eos,
811 4094 875 4143 qnos
890 4078 1017 4130 seandire
1030 4083 1143 4143 cogunt,
1166 4076 1286 4129 occidere

156 4162 226 4214 enim
245 4170 383 4229 peceatum
404 4164 485 4214 levius
508 4162 584 4215 amiel
601 4162 700 4215 condo-
741 4163 879 4226 dicuntur,
906 4162 939 4215 el.
963 4162 1008 4215 ini.
1031 4163 1114 4229 Epist.
1136 4160 1171 4214 ad
1185 4162 1239 4214 Pis.
1261 4180 1285 4215 v.

157 4248 267 4311 baveris,
285 4248 340 4299 iure
353 4248 465 4300 insuavia
480 4246 699 4315 habearis)acer-
740 4244 801 4299 475.
831 4248 988 4313 Quemoero
1008 4249 1137 4315 ardwit,
1154 4254 1225 4299 tenet
1240 4266 1288 4299 oc-

157 4334 193 4383 bo
216 4334 351 4387 animent
373 4330 502 4385 bominem
521 4334 699 4387 invisissimurn
740 4332 856 4400 eiditque
877 4334 1005 4403 legende,
1028 4342 1055 4385 et
1076 4333 1137 4385 bine
1158 4331 1287 4385 Horatius

159 4418 242 4483 bigis,
262 4423 324 4471 eett.
340 4417 389 4471 ltoo
403 4419 429 4472 iu
447 4420 557 4474 ablntbn
570 4418 608 4493 ,de
621 4418 699 4473 modo
739 4417 798 4473 inlr.
819 4418 877 4471 Sat.
894 4420 916 4485 l,
934 4419 962 4485 9,
979 4415 1023 4474 tt.
1046 4418 1107 4473 duur
1126 4418 1160 4472 ab
1181 4416 1288 4473 bomine
