2800 4909
385 285 964 383 ur1su‘ousuvuu1n.r‚a.
1172 312 1254 381 na.

96 460 146 531 lii
170 460 235 529 tibi
261 459 393 531 divitias
413 459 597 542 dederant,
622 469 797 551 artemque
822 463 967 533 fruendi.

98 565 198 649 Quid
222 575 345 633 norem
370 561 464 633 dulci
489 564 656 634 nutricula
680 566 788 635 maius
813 568 961 667 alumno,

99 668 171 751 Qui
197 689 318 759 sapere
343 676 378 735 et
401 667 465 735 fari
490 666 612 756 possit,
637 690 726 756 quae
755 670 891 753 sentiat,
918 682 952 739 et
977 671 1033 743 cui

99 772 241 858 Gratia,
267 770 378 855 fama,
405 770 566 838 valetudo
591 771 766 863 contingat
794 772 941 857 abunde,
1183 770 1234 865 11⁰

98 874 147 944 Et
172 873 317 953 mundus
344 876 469 958 rictas,
493 896 561 941 non
590 872 771 942 deficiente
785 876 981 945 'crumenai

99 978 193 1044 later
217 1000 315 1067 spem
341 998 545 1065 curamque,
570 978 708 1045 timores
734 979 818 1045 inter
844 990 878 1047 et
902 980 979 1067 iras,

100 1080 252 1150 Omnem
276 1078 380 1150 crede
395 1080 497 1149 'diem
522 1078 585 1149 tibi
609 1080 767 1151 diluxisse
792 1104 1006 1173 supremum:

100 1184 210 1251 Grata
235 1183 465 1273 superveniet,
497 1206 586 1271 quae
609 1206 678 1252 nou
704 1186 910 1275 sperabitur,
942 1184 1039 1253 hona.
1068 1180 1072 1194 ’

99 1286 165 1355 Me
188 1286 356 1379 pinguem
382 1294 418 1353 et
441 1286 585 1353 nitidum
610 1288 697 1356 bene
724 1297 839 1357 curata
864 1297 941 1357 cute
967 1289 1063 1372 vises,
1181 1276 1232 1351 15

100 1388 192 1461 Cum
216 1390 331 1459 ridere
356 1389 470 1479 voles,
494 1390 638 1481 Epicuri
662 1390 708 1460 dc
733 1412 843 1485 grege
868 1414 1024 1484 porcum.

487 1627 774 1699 EPISTULA
806 1630 850 1703 V.

409 1769 924 1843 inconcussum

101 1898 142 1967 Si
164 1906 265 1990 potes
289 1897 466 1970 Archiacis
491 1902 633 1973 conviva
657 1880 856 1973 recumbere
881 1900 987 1983 lectis,

52 2066 56 2073 .
101 2003 178 2071 Nec
201 2000 340 2073 modica
364 2026 508 2074 coenare
533 2007 630 2075 times
655 2008 730 2074 olus
755 2029 856 2074 omne
880 2004 1028 2097 patella;

146 2176 169 2212 v.
190 2160 215 2211 7.
248 2174 297 2227 pro
318 2162 444 2214 dederunt
472 2162 500 2214 in
526 2164 645 2230 pluribus
686 2169 750 2217 tum.
777 2191 813 2200 -
834 2163 961 2226 nitidum,
990 2160 1062 2213 obesi
1084 2157 1152 2213 euim
1173 2171 1229 2219 ore,

102 2244 188 2297 eodd.
209 2246 279 2311 apud
298 2242 394 2299 scam.-
416 2248 559 2301 reuersus.-
585 2265 645 2301 sne-
687 2264 798 2315 corpore
818 2250 917 2312 nitent,
940 2244 973 2299 ci.
985 2261 1056 2315 supr.
1072 2245 1106 2297 ad
1121 2242 1177 2294 Sat.
1195 2241 1228 2305 11,

103 2332 163 2399 pius
197 2337 270 2381 certe
298 2333 441 2398 penultima
467 2334 494 2383 iu
522 2332 646 2401 perfectis
679 2333 714 2399 ⁴2,
739 2332 797 2385 128.

102 2416 173 2483 apud
187 2418 300 2481 optimos
315 2433 431 2484 quosque
449 2424 541 2485 poetes
563 2419 644 2473 corri-
730 2432 754 2469 u.
770 2419 811 2471 16.
833 2418 897 2471 Cum
910 2416 997 2469 ridere
1011 2416 1090 2479 uates,
1115 2427 1173 2465 cum
1188 2410 1228 2463 os-

103 2502 189 2565 pitur3
210 2501 318 2553 sedium
330 2503 426 2554 rectius
436 2508 488 2555 cst:
511 2504 646 2569 dederant,
687 2502 749 2557 t‘erri
772 2504 818 2557 tibi
842 2503 931 2571 cupies
960 2503 1087 2568 aliquem,
1115 2499 1158 2565 qui
1183 2496 1228 2548 tibi

103 2585 164 2650 quia
177 2585 328 2651 praecedite
347 2587 409 2639 Non
423 2596 452 2641 tu
463 2585 645 2656 remuneras
685 2584 792 2641 ridendi
802 2589 928 2655 praebeat
944 2587 1086 2641 materiem.
1107 2612 1143 2622 —
1162 2582 1228 2649 Ia'pi-

102 2670 159 2722 rinc
167 2678 418 2737 pretore-artem
426 2674 545 2739 fruendi,
555 2674 642 2727 scieu-
685 2672 743 2727 curi
763 2672 797 2727 ‹te
820 2689 906 2743 grege
933 2688 1054 2739 porcam,
1081 2668 1132 2721 boc
1161 2666 1229 2718 refer

103 2757 167 2807 tiam
180 2756 320 2822 prudenter
333 2760 448 2825 acceptis
463 2758 573 2812 fruendi.
640 2798 645 2813 .
685 2774 735 2833 per
765 2760 953 2825 appositionem
984 2756 1018 2809 ad
1052 2754 1177 2823 pinguem
1204 2758 1229 2805 et

145 2857 168 2893 r.
185 2842 211 2893 8.
240 2850 350 2905 coarat,
378 2850 459 2909 optet.
481 2845 556 2897 ond.
580 2844 646 2897 Met.
684 2843 811 2905 niarium,-
832 2844 954 2911 Epicurei
967 2840 1228 2917 scilicetnqnisum-

103 2926 164 2989 iili,
176 2926 236 2977 2⁰0.
258 2928 353 2997 Elige,
374 2930 437 2997 quiri
454 2946 559 2991 concur,
575 2929 647 2993 xlv,
688 2944 757 2981 mam
770 2930 926 2994 voluptatem
945 2928 971 2981 in
984 2941 1093 2991 corpore
1112 2923 1229 2976 lautiori-

103 3010 146 3063 35.
157 3038 194 3049 -
204 3012 239 3063 Vt
254 3018 301 3065 tua
316 3014 374 3078 aim,
386 3003 476 3065 aeaco.
487 3042 524 3051 -—
534 3015 647 3077 ulrsnrno,
689 3014 736 3065 bus
752 3021 779 3065 et
795 3014 947 3086 largioribus
958 3078 960 3086 Α
971 3012 1035 3062 cibis
1051 3008 1165 3061 curando
1180 3022 1227 3073 po-

105 3097 150 3147 an
166 3096 282 3161 scilieet,
303 3098 386 3162 quatis
405 3105 433 3150 tu
444 3115 495 3162 res,
518 3099 571 3165 Qui
585 3106 647 3150 cett.
688 3100 794 3161 nebant,
816 3099 963 3149 contemtim
976 3096 1084 3165 Epicuri
1098 3095 1130 3148 tic
1144 3108 1232 3167 grege¹

146 3197 170 3234 v.
184 3181 211 3232 9.
228 3183 298 3247 sori,
312 3184 396 3246 etiari,
409 3184 493 3235 verbis
507 3199 647 3251 exponere.
686 3184 761 3251 porci
782 3184 957 3245 uocabantur3
992 3181 1051 3233 binc
1076 3180 1170 3231 Cicero
1195 3176 1228 3227 L.

145 3281 168 3317 s.
189 3268 232 3319 10.
258 3268 370 3332 Gratia,
390 3270 492 3336 passive
507 3276 535 3321 et
554 3270 647 3333 active,
687 3270 808 3322 Pisonem
825 3266 865 3333 (in
881 3274 947 3319 orat.
961 3268 986 3321 in
1001 3267 1055 3317 Pis.
1069 3281 1092 3318 c.
1109 3264 1163 3329 16.)
1181 3260 1229 3313 bc-

106 3356 158 3402 tam
174 3350 247 3405 saror
261 3353 451 3419 potentiorum,
473 3333 594 3419 quamea
608 3355 647 3405 ui·
687 3325 782 3405 minem
799 3354 965 3415 luxuriosum,
988 3350 1153 3417 Epicureum,
1177 3363 1230 3397 non

105 3435 179 3487 uendi
201 3438 290 3501 ratio,
309 3453 362 3502 qna
386 3440 443 3503 quis
465 3440 574 3490 aliorum
590 3439 646 3491 ani·
687 3457 720 3491 ea
734 3438 838 3501 seboin,
860 3438 907 3489 een
928 3454 959 3487 cx
981 3436 1048 3489 bara
1072 3432 1223 3503 (porcorum

106 3523 231 3573 nonsibi
252 3523 389 3586 conciliat,
417 3524 457 3575 vel
480 3524 537 3576 aliis
555 3530 646 3590 gratus
685 3522 802 3591 stabulo)
816 3523 969 3593 productam
985 3520 1107 3589 appellat.

106 3612 183 3671 atque
194 3607 321 3660 iucundus
336 3614 386 3659 est.

146 3706 170 3743 r.
186 3688 305 3743 12-14.
335 3692 406 3744 inter
418 3710 488 3761 qvem
507 3706 646 3763 nurumque
812 3689 1035 3744 Eplsuoua
1069 3689 1101 3743 V.

106 3782 167 3826 cett.
185 3792 393 3844 utramquemquc
410 3778 495 3839 diem,
518 3780 572 3829 sire
590 3794 646 3831 me·

107 3861 170 3913 tiara
194 3878 287 3930 speras
318 3869 347 3914 et
370 3862 532 3929 assequenda
561 3878 645 3925 caras,

106 3946 156 3997 site
172 3950 240 4000 mnia
253 3948 414 4000 imminentia
429 3950 503 3999 burres
518 3955 545 4001 et
559 3948 646 3999 animo
732 3947 815 3998 Poeta
831 3946 940 4000 amicum
958 3960 1042 4009 sanum,
1058 3938 1230 4015 Torquatum,

107 4034 280 4097 perturbaris,
298 4034 367 4085 ritae
382 4038 444 4084 tuae
459 4035 576 4085 ultimam
589 4033 646 4084 iliu·
689 4032 723 4083 ad
739 4034 834 4083 laetum
858 4030 1018 4093 castritium,
1045 4030 1105 4094 quo'
1117 4029 1230 4079 natatem

107 4115 173 4169 aisse
186 4119 315 4182 existima,
329 4126 367 4182 et,
380 4118 402 4171 si
416 4134 468 4173 non
482 4125 522 4170 est
535 4118 648 4181 ultimus,
689 4118 810 4169 Caesaris
828 4116 1005 4167 celebraturus
1027 4122 1100 4177 erat,
1122 4114 1230 4164 semiba-

107 4201 173 4263 quad
206 4210 313 4271 praeter
343 4219 417 4271 spem
446 4204 544 4268 evenit,
574 4204 647 4255 lucro
689 4204 753 4256 riter
773 4202 872 4253 invitat.
905 4200 944 4251 De
969 4200 1098 4269 Torquato
1115 4198 1147 4251 cs.
1161 4213 1230 4264 supr.

107 4300 213 4353 appone.
689 4290 751 4353 Arg.
767 4286 800 4338 mi
818 4286 868 4337 Od.
887 4286 932 4349 lv,
949 4284 973 4336 7.

143 4388 166 4423 s.
187 4374 227 4428 15.
248 4374 385 4443 pinguem,
406 4360 521 4437 obesam,
540 4375 659 4441 saginas
732 4388 755 4425 r.
774 4370 855 4425 1-3.
884 4370 915 4450 Sq'
935 4378 1023 4439 potes,
1043 4366 1065 4419 si
1090 4371 1231 4435 potesate

724 3806 804 3872 'Ari
849 3820 1180 3887 Torquatum.
