2800 4909
414 336 673 407 aristeus
694 339 758 406 al)
777 341 1024 410 Plaudite
1189 349 1273 416 Ν

141 497 302 591 Vndique
327 498 457 572 collatis
482 500 659 592 membris,
685 508 726 570 ut
747 501 889 593 turpiter
913 511 1023 574 atrum

140 603 281 675 Desinat
303 605 339 674 iu
358 607 494 702 piscem
518 606 642 677 muller
665 605 817 676 formosa
841 627 998 699 superne,

141 844 335 886 resumamus
350 831 523 888 etstudlosus
538 837 617 899 esset,
639 829 688 886 sed
729 827 813 886 aaut
836 829 977 900 Horatiana
1009 838 1098 902 potest
1121 833 1203 902 lgltm
1226 833 1273 889 lla

142 915 220 968 etiam
239 917 285 970 tilii
303 923 367 970 natu
385 919 490 974 maioris
503 917 583 987 (duos
597 915 689 972 aeaut
728 919 771 971 rel
789 915 826 972 aa
844 919 953 972 ls‘im
969 920 1115 976 Mn
1136 921 1271 990 Epistola-

140 1001 222 1066 illios,
244 1003 337 1069 quibus
356 1005 431 1058 siaral
446 1005 534 1058 diem
557 1010 599 1060 eat
619 1000 687 1060 haee
727 1002 906 1070 mrelesri,
926 1005 968 1058 sel
985 1006 1273 1078 dnpudaarllpiaula

140 1087 277 1154 epistola,)
305 1089 393 1142 studia
412 1091 516 1158 poetica
535 1091 686 1144 moderare-
727 1089 883 1144 oslPisoaea
896 1091 994 1144 vocari.

139 1169 200 1236 tud,
229 1170 266 1238 (v.
296 1174 358 1228 366.
391 1175 523 1229 Oeneius
555 1177 686 1246 iuuenum,
770 1173 933 1242 Praecepta,
958 1174 1148 1243 futurispoctia
1163 1179 1191 1228 et
1204 1172 1271 1229 scri-

139 1257 258 1325 quusnuis
273 1261 298 1310 ct
311 1273 376 1311 uoce
388 1267 500 1328 polemo
512 1261 636 1331 lingerio
649 1259 686 1312 usl
727 1259 844 1326 ptoribus
862 1261 888 1312 ln
906 1258 957 1314 lrao
977 1259 1095 1327 Epistola
1109 1261 1142 1313 ab
1157 1259 1270 1314 Horatio

139 1347 252 1408 retum,
274 1349 396 1410 alperto
411 1347 492 1414 sepis,
510 1346 559 1400 isos
575 1347 624 1400 lili
641 1345 684 1398 sli-
726 1345 875 1412 proposita,
890 1344 923 1399 V.
940 1346 979 1397 cl.
998 1346 1142 1399 Wclsels’ass
1158 1345 1187 1398 la
1207 1359 1269 1413 με·

139 1432 207 1478 duaa
224 1429 296 1481 Tulle
309 1429 420 1498 memor)
429 1449 440 1494 ,·
461 1447 550 1497 causa,
573 1431 685 1485 uurllu-
725 1431 790 1482 tiam
811 1445 902 1482 eorum
920 1431 965 1496 qui
979 1431 1025 1483 illa
1045 1445 1099 1482 uno
1112 1430 1206 1484 obtutu
1223 1446 1270 1484 co-

138 1513 221 1564 ratius
251 1513 389 1567 Pisonibns
413 1516 573 1583 potissimum
605 1531 684 1584 prae-
724 1521 893 1580 gnoscereet
906 1514 1017 1568 lustrare
1032 1515 1152 1584 cupiant,
1179 1517 1271 1583 paucis

139 1603 217 1664 cepta
231 1597 264 1650 ad
280 1613 390 1666 poeseos
406 1601 519 1654 studium
536 1602 683 1669 speetamia
724 1599 810 1652 verbis
822 1615 947 1666 expressa
964 1598 1040 1652 haias
1053 1599 1176 1654 ear-inis
1190 1600 1271 1662 {rasti

137 1681 271 1748 impartire
305 1685 429 1750 voluerit,
461 1687 526 1738 satis
564 1693 683 1754 apparet.
722 1685 910 1752 praeponenda
922 1686 1031 1740 curarit.
1070 1685 1270 1752 Equidenlpsa

137 1767 262 1820 Fortasse
280 1775 367 1823 autem
390 1759 455 1823 lior.
479 1765 518 1824 lris
534 1773 682 1840 praeceptis
724 1769 758 1822 de
772 1770 935 1837 prumtis,
956 1785 1026 1838 qnae
1046 1769 1269 1837 deditllor,sua

19 1869 23 1874 ·
138 1853 278 1920 praecipue
296 1855 349 1906 filio
372 1855 556 1910 Pisonianam
579 1857 681 1922 maiori,
723 1853 783 1908 loeo
799 1870 885 1921 agam.

136 1951 171 1989 ne
185 1937 208 1988 is
220 1953 288 1991 vano
308 1941 434 1994 malorum
456 1947 593 2008 poetarum
613 1947 682 1996 stre-
767 1955 791 1992 r.
806 1941 831 1992 l.
850 1940 975 1992 lim
991 1937 1074 2006 rapiti
1088 1942 1153 1994 cett.
1172 1938 1268 2005 Poeta,
1369 1948 1372 1953 ⁴

136 2023 194 2089 pltu
210 2023 237 2074 in
248 2021 366 2077 fraudem
384 2041 414 2077 se
436 2026 524 2079 induci
538 2033 681 2094 pateretur,
723 2024 768 2090 qut
789 2022 886 2091 aliquid
903 2025 995 2091 tingit,
1025 2024 1098 2076 euius
1116 2031 1208 2092 partes
1228 2025 1269 2078 sd

137 2111 242 2159 cautum
254 2107 308 2161 isit.
328 2137 367 2148 -
388 2111 527 2164 Caeterum
545 2112 629 2165 eidem
647 2111 682 2168 1..
723 2109 802 2162 lictae
817 2125 869 2162 nou
884 2109 1049 2173 conveniunt,
1065 2109 1155 2162 similis
1171 2114 1213 2161 est
1226 2110 1268 2175 pi·
1368 2155 1376 2164 .

137 2191 278 2260 Calpurnio
297 2193 403 2260 Pisoni,
422 2201 452 2248 ut
472 2203 607 2264 poetarum
622 2189 683 2250 iau-
723 2193 807 2258 olori,
827 2195 872 2260 qul
890 2193 1002 2247 sormam
1015 2194 1129 2259 aliquam
1140 2209 1174 2247 ea
1184 2192 1269 2246 laoml·

137 2277 198 2342 lori,
219 2279 318 2346 aliquot
331 2279 528 2348 Epigrammata
541 2281 612 2335 misit
626 2283 681 2336 An·
722 2293 785 2330 num
801 2279 971 2332 elvetiorum
986 2278 1135 2331 animalium
1146 2277 1271 2334 menbrb

136 2364 243 2430 tipater,
259 2370 339 2431 poeta
355 2363 604 2431 Thessalonicensis,
625 2368 681 2420 An·
722 2363 831 2417 ridicule
846 2364 979 2432 componit
992 2370 1021 2417 et
1032 2363 1141 2431 effingit.

135 2445 401 2503 tholGraee'l'ora.
416 2449 681 2519 11.p.97.nam.x.
765 2448 913 2502 v.1-tt.
941 2449 1096 2503 Primus
1124 2441 1268 2517 prease-

135 2545 193 2598 sqq.
214 2531 275 2584 edit.
298 2533 397 2588 moola.
422 2561 460 2576 -·
492 2536 682 2604 Argumentum
721 2537 831 2600 plear:
852 2532 919 2599 liei,
937 2550 1016 2603 queas
1042 2533 1162 2586 emitis
1178 2541 1267 2602 pedu,

115 2615 211 2670 .lauius
231 2617 365 2685 Epistulae
386 2621 443 2687 lpse
466 2619 593 2694 Horatius
617 2637 682 2676 eon-
723 2633 855 2672 mous
869 2620 993 2688 singalas
1007 2624 1099 2687 pastas
1112 2620 1269 2686 amm

135 2701 221 2754 stituit
233 2701 273 2754 llis
290 2705 373 2758 tribus
392 2705 508 2759 versibus
532 2707 571 2774 (v.
581 2705 680 2761 doo-
723 2709 750 2756 cl
767 2703 976 2757 commodatae
988 2719 1044 2761 sess
1057 2703 1158 2758 deluat.

133 2785 212 2856 808.)
234 2788 331 2842 Messa
349 2795 375 2842 et
396 2791 527 2858 officim,
553 2793 593 2844 sil
614 2792 683 2846 seri-
764 2789 889 2842 lissam
904 2791 996 2858 cupiti,
1012 2791 1091 2856 quala
1107 2795 1187 2857 eaput
1199 2787 1266 2842 lior.

134 2871 196 2926 om
217 2873 288 2940 ipse,
309 2875 424 2930 domina
457 2877 531 2929 Vada
554 2885 680 2945 perudus
721 2873 895 2940 intellexerit,
916 2875 1266 2942 permistum

134 2971 214 3026 opes,
238 2959 302 3028 quid
322 2962 380 3014 ulai
400 2961 541 3030 firmatque
563 2969 678 3032 poetam,
720 2971 745 3011 r.
760 2952 786 3012 4.
802 2959 962 3027 designatur.

135 3043 207 3109 Quid
224 3043 329 3111 decent,
352 3045 417 3116 quid
435 3058 503 3112 uon,
522 3049 678 3118 puppinus,
762 3055 787 3096 r.
798 3040 885 3098 2-4.
905 3051 934 3098 et
952 3044 1044 3098 sudus
1062 3045 1185 3098 asma
1202 3045 1276 3113 pls·-

133 3143 185 3196 qun
202 3130 277 3195 serui
302 3147 383 3185 error.
402 3157 442 3170 -·
473 3131 559 3185 Recte
589 3134 678 3200 igitur,
719 3143 791 3195 asos,
814 3128 896 3194 mee,
915 3131 1004 3184 deleta
1020 3130 1187 3182 distinetione
1202 3135 1264 3198 post

133 3219 207 3283 puto,
225 3213 275 3266 diei
288 3222 375 3287 potest
389 3213 585 3284 lraeeEplstola
597 3219 678 3272 dida-
717 3213 837 3282 pluas,
860 3231 914 3271 non
932 3215 968 3267 ad
987 3214 1191 3283 praecedentia,
1214 3215 1263 3267 sea

132 3298 345 3354 elica-solidas.
381 3301 412 3354 lu
433 3303 576 3356 scribendis
591 3310 679 3357 autem
721 3300 756 3352 ad
770 3299 1016 3368 sequentiarelero,
1038 3305 1069 3351 nt
1080 3294 1181 3352 sitr‘et
1198 3300 1263 3353 sarii

131 3385 250 3450 epistolis
270 3401 322 3439 non
343 3393 443 3442 cenum
462 3387 591 3454 quendam
606 3389 679 3443 ordi·
720 3385 816 3438 eoloris
829 3401 930 3452 pennas
940 3385 1064 3438 membris
1075 3384 1189 3450 undique
1204 3385 1262 3437 eol-

130 3483 192 3522 nem
208 3471 291 3538 sequi,
305 3470 362 3536 sed,
385 3489 453 3540 quae
465 3479 628 3539 succurrunt,
645 3475 677 3526 ll-
718 3468 780 3522 latis
793 3472 952 3538 appingere,
972 3497 1010 3510 -
1030 3471 1152 3522 induem
1172 3469 1205 3522 da
1221 3470 1263 3536 pi·

130 3553 219 3608 luerim
234 3561 262 3607 et
279 3557 433 3614 incuriosius
456 3557 592 3612 addeteet
608 3559 678 3612 inter
719 3555 850 3621 etoribus,
881 3557 925 3622 qul
941 3555 1063 3623 penicillo
1084 3556 1198 3608 odorem
1220 3556 1263 3622 pl·

130 3653 162 3692 se
181 3641 290 3708 iungere
308 3643 429 3695 solemus.
459 3643 538 3700 Quod
560 3645 583 3696 sl
597 3659 677 3711 repn-
719 3645 811 3693 emme
831 3641 909 3692 aliem
928 3641 1030 3692 illinunt
1045 3642 1087 3694 vel
1107 3641 1262 3703 immitium

130 3729 233 3778 munt
261 3741 350 3780 aecum
373 3728 488 3782 nonnulli
510 3729 675 3797 interpretes,
717 3723 837 3778 ΜΗ.
851 3724 884 3778 N.
899 3723 1011 3791 mv,
1027 3726 1069 3780 16.
1089 3725 1201 3778 ebra·
1219 3725 1263 3778 isa·

130 3825 183 3862 non
207 3825 313 3878 operam
332 3813 359 3866 ln
378 3811 453 3866 huius
473 3815 594 3866 carminis
615 3829 676 3867 sen·
718 3809 813 3863 deam
820 3811 949 3879 pidaras.
962 3810 1126 3876 -norins,
1148 3810 1264 3864 vestm-

129 3895 219 3948 tentils
240 3896 439 3966 praeceptisque
460 3898 494 3951 ad
517 3905 616 3952 certium
631 3915 675 3953 or·
717 3895 804 3960 loreas
826 3897 866 3950 alo
886 3911 967 3964 saepe
988 3896 1080 3948 surius
1096 3892 1261 3963 (soleatos).
1339 3940 1343 3953 .

129 3977 218 4034 ᾱὶηεπι
246 3983 387 4036 artificiose
410 3989 438 4036 et
464 3999 556 4036 severa
585 3997 674 4052 mam·
720 4007 759 4020 —-
778 3982 899 4052 Vndique
918 3981 1021 4034 cadmia
1040 3979 1177 4046 mamis,
1193 3979 1219 4032 lr.
1237 3997 1262 4033 a.

127 4065 284 4120 mancorum
298 4069 443 4121 subtilitate
460 4069 529 4122 inter
542 4083 571 4122 re
584 4071 675 4122 concl-
715 4067 838 4120 membris
858 4067 1031 4134 undequaque
1053 4066 1072 4119 l.
1085 4081 1109 4118 e
1132 4080 1149 4117 a
1171 4065 1262 4132 quoru

127 4150 222 4204 llaudis
236 4151 421 4219 perdidissent:
438 4153 551 4220 Titulus,
564 4155 607 4222 qui
618 4155 674 4208 vnl-
715 4153 821 4205 animali
839 4153 973 4206 translatis
984 4157 1012 4204 et
1024 4149 1149 4204 ridiculae
1162 4151 1261 4217 speciei

127 4249 164 4302 qo
178 4233 240 4290 huie
255 4239 364 4291 carmini
374 4239 534 4306 praefigitur,
549 4241 602 4295 Ars
609 4255 674 4308 poe·
715 4235 955 4306 repraesentandae
968 4235 1107 4299 adhibitae
1127 4237 1167 4288 ric
1182 4238 1260 4303 pleae

126 4321 198 4386 ties,
219 4327 261 4376 est
276 4323 512 4378 Grammaticorum
534 4324 674 4378 inventum.
715 4323 830 4392 undiquc
845 4339 916 4391 supr.
928 4321 1015 4387 0d.l,
1031 4321 1074 4387 16,
1090 4315 1130 4374 14.
1163 4323 1260 4376 Fertur

126 4404 278 4476 separatim
310 4409 369 4465 sine
393 4409 472 4465 dubio
493 4406 562 4465 haue
588 4409 675 4480 Epist.
715 4408 883 4466 musam
909 4407 1008 4464 aar·
1032 4405 1149 4477 principi
1179 4405 1257 4460 uu
