2800 4909
397 353 656 454 nutarunt
676 353 739 424 au
759 357 982 426 Pisonos
1004 365 1036 402 ’·
1189 360 1255 431 dli

128 511 272 610 Singula
292 535 448 605 quaeque
473 515 589 585 locum
613 523 749 585 teneant
763 517 885 586 sortita
903 517 1072 595 deomter.

128 619 303 690 Interdum
328 629 443 688 tamen
469 627 503 686 et
526 640 648 689 vocem
674 621 855 689 comoedia
877 621 978 710 tollit,

128 723 304 812 iratusque
328 721 492 792 Chemes
515 719 648 791 tumido
673 721 829 816 delitigat
853 746 927 794 ore:

128 827 177 896 Et
199 825 368 919 Tragicos
393 823 595 918 plerumque
622 825 718 894 dolet
745 848 898 900 sermono
922 825 1082 918 pedestri.
1204 823 1257 898 95

129 928 309 1042 Tplephus
334 938 368 998 et
396 929 536 1016 Peleus,
566 951 645 998 eum
669 952 804 1021 pauper
828 939 863 1000 et
887 931 982 1021 exul,
1012 939 1154 1022 uterque

129 1033 270 1102 Proiicit
293 1032 461 1123 ampullas
486 1040 521 1100 et
544 1033 791 1124 sesquipedalia
815 1035 937 1120 rerba,

130 1135 170 1206 si
194 1145 288 1206 curat
313 1157 374 1205 eor
398 1137 578 1229 spectantis
598 1135 750 1230 tetigisse
774 1139 923 1226 querela

182 1241 261 1309 Nou
285 1240 361 1308 satis
384 1245 433 1312 est
457 1238 605 1330 pulchra
630 1263 700 1310 esse
725 1247 902 1334 poemata,
927 1238 1043 1312 dulcia
1066 1247 1180 1331 sunto,
1278 1292 1287 1304 ,

130 1451 159 1504 ln
176 1447 311 1502 comoedia
328 1453 483 1514 metram,
497 1463 579 1516 prope
598 1466 676 1505 acoe-
717 1451 892 1516 aieOreatea,
920 1449 965 1518 qul
978 1449 1107 1504 lutearia
1120 1448 1257 1517 moedia
1351 1499 1357 1506 .

131 1535 236 1600 dentia3
247 1549 371 1588 -eoraa
379 1535 515 1602 disertae,
529 1537 572 1589 ubi
582 1533 676 1590 ltreus
717 1537 865 1602 inducitur,
884 1537 1003 1606 tragicae
1016 1537 1170 1603 appellatur.
1199 1535 1257 1590 cie.

131 1620 207 1673 tratri
221 1615 354 1686 Thyestae
368 1621 468 1674 occisos
483 1635 588 1687 pueros,
610 1636 676 1688 quos
718 1621 746 1674 in
758 1622 848 1675 Piaou.
864 1637 888 1674 e.
905 1620 949 1675 20.
981 1621 1095 1690 niagno
1110 1622 1156 1674 illo
1167 1623 1257 1676 Oroete

132 1703 176 1758 hio
189 1703 282 1758 furtivo
300 1699 388 1758 amora
411 1719 445 1757 ex
460 1707 579 1773 Aerope,
603 1705 676 1759 Atrei
718 1713 766 1760 aut
778 1707 937 1760 Arianaate
956 1706 1106 1758 dmutior.

132 1805 230 1856 uxore,
250 1795 446 1864 procreaverat,
472 1791 614 1858 epulandos
627 1807 676 1859 ap-
761 1807 784 1846 r.
798 1791 842 1845 96.
872 1791 1011 1858 Telephus,
1038 1791 1104 1843 tilius
1125 1789 1256 1856 Herculia,

89 1934 92 1938 ,
132 1877 228 1942 posuit.
673 1891 676 1898 ·
718 1891 765 1928 rex
778 1873 895 1940 Mysiae,
925 1891 984 1927 eum
1001 1877 1108 1940 vulnus,
1136 1876 1206 1942 quod
1222 1877 1276 1927 ab,

176 1975 200 2012 r.
211 1959 254 2012 92.
276 1959 390 2029 Singula
406 1975 522 2028 quaeqae
535 1963 597 2013 cett.
613 1959 677 2013 Siu-
716 1959 817 2014 Achille
830 1967 983 2027 acceperat,
1005 1960 1257 2013 aeouadumoraeuli

132 2045 195 2112 gula
207 2059 323 2110 quaeque
344 2045 443 2109 lotum,
472 2045 538 2096 aorti
551 2045 676 2112 aulasque
716 2047 838 2110 effatum,
880 2046 929 2097 uisi
957 2045 1018 2096 illud
1049 2044 1141 2098 eadem
1165 2043 1257 2098 larua

133 2131 316 2183 convenienter
332 2129 520 2196 occupandum,
542 2136 572 2183 ut
587 2131 674 2197 deret,
716 2131 838 2197 cuspide,
860 2146 911 2196 qua
925 2131 1048 2183 indictum
1062 2136 1141 2194 earet,
1163 2138 1257 2195 tanga·
1332 2127 1338 2146 “

132 2219 249 2268 teneant.
714 2221 805 2279 retur,
841 2216 929 2267 aauari
951 2230 1003 2268 uou
1026 2221 1135 2280 posset,
1170 2222 1258 2268 carna

175 2315 198 2352 r.
214 2298 346 2352 93-98.
369 2300 502 2354 interdurn
513 2289 673 2356 lummcett.
715 2299 821 2353 Achillia
835 2300 915 2364 adiit,
937 2299 1045 2352 athana
1060 2300 1161 2352 reniam
1178 2301 1211 2353 ab
1224 2316 1257 2353 eo

132 2383 266 2438 luterdum
286 2385 365 2438 etiam
385 2385 586 2448 iu'eomoedia,
616 2401 674 2439 eum
715 2387 808 2454 petiit,
829 2384 974 2451 etquidem
987 2401 1105 2452 pauper„
1126 2382 1152 2436 li.
1169 2402 1194 2438 e.
1207 2387 1257 2438 mi·

132 2469 221 2538 prodit
235 2469 312 2522 homo
327 2471 440 2537 graviter
453 2477 612 2535 commotus,
633 2471 674 2523 lo-
715 2472 768 2523 aeri
789 2477 817 2522 et
837 2470 1006 2538 supplicantia
1025 2471 1138 2536 aperiam
1152 2486 1216 2537 prae
1228 2486 1258 2524 aa

133 2569 193 2607 eum
213 2553 292 2607 habet
317 2555 402 2608 oratio
425 2556 592 2619 concitatiorr
615 2554 675 2608 lriue
717 2555 812 2608 tereus.
826 2583 864 2594 -
888 2555 996 2621 Peleu,
1021 2555 1088 2607 tilius
1105 2555 1201 2620 Aeaci,
1223 2556 1258 2608 ob

133 2637 257 2693 Chremes
279 2640 349 2707 apud
367 2639 535 2704 Terentium,
564 2638 675 2706 (Heaut.
716 2639 824 2693 struem
838 2639 972 2705 Phocum,
1000 2655 1059 2696 are
1073 2655 1191 2705 auom,
1212 2655 1258 2693 ro·

132 2726 192 2778 Aet.
199 2724 245 2792 V.)
260 2726 300 2776 ira
308 2731 420 2790 tamenn,
441 2725 523 2778 saevit
535 2725 674 2792 etlitigatr
717 2727 771 2778 lum
790 2731 893 2778 venere
915 2731 995 2778 etex
1015 2725 1101 2791 patria
1116 2725 1258 2792 Aeginam

132 2809 262 2862 interdum
277 2807 441 2879 (plenoque
450 2809 482 2863 ei.
498 2825 567 2877 supr.
584 2826 607 2862 r.
617 2806 674 2878 14.)
716 2809 881 2864 Thessaliam
893 2809 984 2878 iugera
999 2815 1108 2864 ooaetua
1122 2816 1179 2876 αῖς
1197 2809 1268 2864 hiae.

133 2893 175 2961 (et
198 2894 331 2965 tragicus)
360 2895 388 2946 in
414 2896 550 2960 tragoedia
572 2909 676 2961 quoquo
718 2897 791 2950 rarat
806 2897 908 2948 dieitur.

132 2993 263 3046 persona,
289 2981 316 3033 iu
338 2993 444 3032 aetnam
461 2979 603 3047 producta,
626 2979 676 3033 hu·
759 2995 785 3032 v.
800 2981 844 3033 97.
864 2971 1179 3049 nausti-opttus),
1192 2979 1257 3032 abii·

133 3064 235 3116 miliore
256 3063 398 3134 (pedam)
421 3079 540 3118 sermone
559 3064 676 3118 dolorem
718 3065 772 3128 eit,
794 3065 895 3130 reiicit,
916 3071 1047 3130 removet,
1072 3065 1258 3133 depositam·
1322 3123 1328 3136 ,

133 3149 272 3215 exprimit3
310 3150 349 3202 aie
371 3147 502 3216 'l'alephua
524 3155 551 3202 et
572 3148 676 3214 Peleus,
716 3151 816 3219 pulta,
837 3151 891 3204 aire
905 3153 1019 3204 abatiuet
1030 3151 1065 3202 ab
1079 3149 1255 3218 ampullia-

133 3239 207 3298 tam,
229 3249 287 3288 eum
301 3236 368 3286 alter
378 3249 494 3301 pauper,
523 3236 589 3288 alter
603 3236 677 3288 exsul
719 3236 851 3303 amposta,
872 3223 977 3302 proprie
990 3233 1123 3300 lecythus,
1145 3250 1191 3285 ras
1208 3251 1257 3286 aa·
1289 3241 1292 3246 “

133 3324 190 3383 est,
220 3316 396 3388 (idoque-ri
417 3319 506 3385 rarat)
530 3320 552 3371 si
569 3326 678 3386 uterque
718 3326 796 3387 gusto
812 3322 893 3385 eollo,
914 3320 961 3374 aed
973 3327 1063 3371 ventre
1079 3320 1218 3386 capaciore
1230 3324 1258 3370 et

133 3401 161 3454 ld
173 3405 276 3470 aasequi
292 3409 387 3468 tentat,
407 3411 437 3456 ut
449 3405 561 3456 animum
573 3410 677 3471 aperta-
720 3405 840 3471 turgido,
858 3401 897 3457 'iu
918 3421 972 3471 quo
991 3406 1077 3458 oleum
1097 3404 1212 3471 inprimis
1231 3386 1263 3455 ef

134 3488 215 3551 toria,
250 3490 370 3555 querelas
394 3489 541 3554 tundendo,
576 3495 677 3556 tangat,
719 3496 822 3543 acetum
847 3491 945 3543 servari
974 3491 1084 3542 solebat.
1147 3489 1188 3540 Ab
1209 3487 1259 3541 irae

134 3571 204 3623 haud
227 3589 295 3626 nune
309 3574 490 3640 magniloquus
502 3575 581 3626 rerba
596 3590 675 3640 pau·
718 3576 851 3642 ampullae
873 3573 972 3639 forma,
999 3574 1106 3642 ‚turgida
1128 3582 1156 3625 et
1169 3573 1260 3628 inflata

133 3655 209 3708 diora
221 3658 451 3722 iactat,'aedvoce
462 3661 570 3726 querula
579 3665 606 3712 et
614 3661 676 3712 rub-
718 3661 808 3726 quasi,
844 3662 970 3713 translate
989 3659 1109 3712 dieuumr
1129 3659 1260 3726 ampullae
1346 3692 1348 3696 ·

133 3742 213 3794 missa
226 3743 418 3797 miserationem
426 3759 528 3796 morere
536 3743 632 3796 studet.
717 3745 796 3796 verba
816 3745 941 3810 turgida,
969 3751 1092 3809 ventosa,
1113 3745 1259 3809 magnifica,

177 3843 200 3878 v.
221 3823 265 3880 94.
287 3827 360 3882 delit.
374 3853 412 3866 —-
441 3829 568 3895 particula
593 3829 626 3882 dr
650 3828 675 3880 iu
718 3830 811 3895 quibus
830 3829 886 3882 iere
910 3846 940 3883 se
959 3831 1059 3883 iactant
1078 3829 1259 3898 grandiloqaig

133 3912 213 3963 verbo
228 3913 373 3981 composito
389 3913 531 3984 delitigore
545 3916 676 3966 notionem
718 3913 779 3966 hino
792 3929 863 3982 supr.
886 3915 973 3984 Epist.
988 3913 1017 3979 l,
1038 3914 1072 3980 3,
1095 3912 1137 3969 14.
1158 3914 1259 3982 anpa-

134 4003 231 4062 auget,
263 4003 293 4049 ut
315 3999 350 4050 ait
368 3998 440 4051 fere:
468 3998 634 4052 veliementer
649 4006 676 4051 et
718 3999 789 4063 lari,
826 4001 1047 4066 magniloquentia
1069 4000 1209 4068 ,mperltim
1232 4005 1260 4054 et

133 4081 167 4132 ad
181 4082 329 4136 satiantem
342 4097 425 4149 tuque
438 4083 556 4150 litigarer
576 4085 614 4138 sir
628 4085 676 4138 de·
719 4084 871 4138 insolentius
886 4101 916 4138 se
929 4087 1032 4138 efferre.
1186 4133 1189 4138 .

132 4167 251 4230 autoire,
280 4183 342 4220 noar
373 4169 497 4234 attatei,
527 4185 597 4235 supr.
626 4168 676 4236 Ep.
760 4186 784 4221 v.
800 4172 843 4222 98..
875 4171 1032 4238 rpeatarrtia,
1066 4183 1127 4223 nam
1148 4169 1260 4236 querel‘u

133 4249 165 4314 l,
184 4251 218 4314 3,
242 4247 283 4304 ll.
720 4255 901 4308 miserabiliter
922 4255 986 4308 lusia
1005 4262 1181 4323 spectatorum
1193 4270 1259 4322 quo·

174 4351 198 4387 r.
212 4337 257 4390 95.
282 4337 430 4407 lingitur,
459 4353 587 4404 persona,
609 4353 677 4404 quae
720 4355 770 4406 que
785 4347 902 4392 movetur
917 4341 1025 4393 animus.

133 4421 294 4488 queribunda
321 4424 347 4477 iu
370 4423 506 4492 uadoedia
531 4423 676 4488 induciturr
763 4441 787 4477 ν.
801 4424 944 4479 99-118.
967 4427 1136 4482 Oetaea·
1155 4427 1260 4480 Prae·
