2800 4909
146 331 215 397 288
459 328 499 409 Q.
526 328 755 399 nonnuli
781 327 970 395 runco!
1019 358 1023 371 ·

147 486 319 554 Naturam
344 480 495 573 expelles
520 483 636 570 furca,
667 493 781 556 tarnen
805 480 912 576 neque
935 494 1093 573 recurret,

137 588 197 679 ¹Et
219 588 320 655 mala
344 595 543 676 perrumpet
566 586 682 657 iurtirn
707 589 841 659 fastidia
864 590 992 660 victrix.
1233 580 1288 659 25

147 685 245 772 No'n,
272 688 338 777 qui
361 687 505 757 Sidonio
531 690 736 761 contendere
761 692 904 763 callidus
929 702 1021 761 ostro
1071 760 1074 767 .

147 790 264 861 Nescit
289 790 501 878 Aquinatem
525 794 677 880 potantia
700 793 829 863 vellera
854 794 983 876 lucain,

148 894 283 964 Certiae
314 892 460 982 accipiet
484 892 664 977 damnum,
690 897 874 987 propinare
899 891 1068 977 medullis,

68 998 70 1003 ’
150 997 265 1082 Quam
290 995 357 1085 opii
380 1018 450 1063 non
474 996 601 1087 poterit
624 1020 708 1066 vero
734 998 940 1090 distinguere
964 996 1100 1069 falsum.

150 1101 265 1186 Quem
289 1121 350 1167 res
374 1099 452 1189 plus
475 1099 580 1167 nimio
605 1100 821 1171 delectavere
844 1097 1023 1187 secundae,
1235 1091 1290 1165 80

49 1200 53 1211 '
151 1202 308 1271 Mutatae
337 1201 504 1291 quatient:
529 1202 666 1292 siquid
690 1204 874 1289 mirabere,
899 1224 1010 1295 ponee

152 1306 299 1375 Inritus:
325 1304 415 1394 suge
438 1326 583 1397 inagna:
608 1307 690 1375 licet
714 1309 776 1375 sub
802 1328 955 1400 paupere
978 1311 1070 1375 teoto

153 1410 271 1500 trega
296 1412 336 1475 et
359 1429 484 1497 regum
507 1408 577 1475 vita
598 1430 819 1501 praecurrere
843 1410 979 1478 amicos.
1006 1422 1011 1451 ··

154 1512 283 1581 Cervus
308 1532 438 1600 equum
462 1533 583 1603 pugna
607 1513 729 1582 melior
755 1513 987 1583 communibus
1000 1506 1129 1579 herbis

153 1615 333 1704 Pellebat,
363 1613 475 1685 donec
500 1614 610 1708 minor
634 1618 670 1685 in
695 1618 878 1689 certamine
902 1617 1009 1711 longo
1237 1599 1289 1675 85

196 1855 222 1893 r.
236 1838 280 1892 23.
294 1830 342 1891 24.
369 1853 418 1905 per
438 1844 562 1891 aarum
585 1838 702 1906 lntellgo
745 1866 782 1883 -β
800 1841 925 1906 willam,
948 1841 1017 1894 bene
1035 1836 1143 1891 alleniua
1165 1834 1204 1888 rel
1218 1832 1290 1902 pari·

154 1940 259 1979 aeneum
278 1940 296 1975 a
310 1928 409 1977 natura
432 1925 507 1977 nobie
531 1924 654 1988 insitum,
675 1930 705 1977 et
745 1933 804 1991 τοι,
825 1928 864 1981 rie
878 1942 949 1992 rupr.
961 1925 1019 1977 Sat
1034 1924 1071 1987 ll,
1086 1923 1112 1987 7,
1127 1921 1187 1973 101.
1207 1918 1290 1971 ruiti-

154 2008 433 2075 uuncpridemeunr,
454 2010 619 2075 unianimam
632 2010 704 2061 ritae
746 2012 818 2065 lieet
835 2012 991 2065 collidar
1013 2009 1107 2071 iader,
1133 2005 1239 2057 eiSat.
1253 2004 1289 2067 ll,

155 2093 420 2149 ruatieaednlcediue
434 2094 705 2161 perfundit-suren
745 2095 773 2161 8,
792 2096 835 2149 2³.
860 2124 898 2137 -
927 2094 1067 2163 propiaroa
1098 2090 1233 2155 melda,
1261 2094 1290 2141 et

155 2180 299 2249 erpellere,
320 2180 420 2231 locutio
432 2180 601 2246 proverbialis
614 2178 648 2231 de
660 2196 706 2232 re-
747 2180 818 2247 quod
832 2181 945 2249 penitiur
963 2180 1081 2233 sentitur.

154 2266 219 2330 lrnr,
249 2278 315 2332 quar
332 2264 360 2315 vi
379 2279 394 2316 a
416 2265 491 2316 nebia
519 2264 658 2315 avertimur
676 2269 704 2316 et
787 2282 812 2319 v.
827 2266 870 2319 31.
892 2267 1027 2329 Matutae,
1048 2280 1085 2315 ac.
1108 2263 1137 2315 in
1156 2260 1289 2327 advenas,

155 2351 281 2420 pellimur.
298 2350 383 2413 force
396 2354 438 2400 ert
447 2348 645 2400 inritamentum
658 2364 705 2400 ru-
744 2366 807 2419 pror
830 2351 954 2403 adversae
974 2350 1106 2419 quatient,
1129 2347 1289 2411 concutient,

93 2504 99 2511 Ι
150 2434 260 2499 aticum,
273 2448 325 2499 quo
340 2439 484 2485 atramenta
499 2439 527 2485 at
539 2434 591 2486 alia
603 2448 638 2487 ax
650 2447 704 2487 uno
745 2436 897 2501 gravissime
926 2436 1056 2499 allicient3
1093 2440 1178 2485 mente
1206 2432 1289 2501 preti,

156 2521 216 2574 loco
231 2520 259 2572 iu
270 2518 351 2571 alium
366 2518 562 2588 pretrudnntur.
746 2535 815 2587 supr.
829 2521 880 2573 Od.
892 2520 940 2587 lll,
954 2518 981 2585 3,
994 2516 1019 2573 l.
1037 2546 1075 2559 —·
1092 2518 1116 2571 ai
1131 2517 1194 2585 quid
1206 2517 1290 2569 miro·

199 2618 225 2657 v.
241 2602 285 2656 25.
313 2604 352 2656 Et
368 2604 442 2655 mulo
460 2610 610 2671 perrumpet
630 2610 704 2669 cett,
746 2605 820 2669 bere,
847 2622 928 2674 panea
950 2606 1066 2668 iacitur,
1084 2604 1107 2655 ri
1128 2602 1189 2668 quid
1205 2606 1290 2655 tuum

159 2695 188 2741 et
206 2693 302 2741 natura
322 2690 416 2739 rietur
442 2694 544 2755 rumpet
567 2704 614 2756 per
633 2690 707 2741 mle
748 2692 861 2743 animum
876 2697 948 2744 tuum
963 2692 1077 2758 ceperit,
1101 2702 1153 2739 non
1168 2686 1290 2739 iaeileab

153 2772 289 2841 patritia,
312 2770 339 2826 h.
355 2788 379 2823 e.
396 2774 465 2824 mala
484 2774 535 2825 iata
546 2772 652 2826 fastidia
664 2775 706 2826 di·
748 2792 780 2828 eo
801 2776 905 2829 diiaolvi
925 2776 1038 2842 poteria,
1061 2774 1160 2827 Ponere
1181 2773 1291 2839 difficile

157 2860 270 2921 tionrn,
292 2858 338 2922 qui
357 2873 373 2910 a
392 2864 502 2910 namrae
515 2860 663 2911 muneribus
677 2858 706 2911 in
748 2867 794 2925 eet,
808 2877 876 2930 paee
890 2862 1011 2928 placuere
1024 2860 1081 2922 dio,
1103 2858 1213 2910 uteanit
1225 2873 1291 2925 poe-

159 2944 231 3010 agrta
264 2940 424 3006 abhorrent,
467 2942 594 2996 extundet
626 2949 706 3011 atque
747 2952 777 2997 ta
798 2940 1135 3009 superinducticios
1158 2942 1180 3007 l,
1204 2938 1290 3006 264.

157 3030 256 3095 abiget
746 3030 816 3085 lliue
830 3047 900 3098 rupr.
916 3030 1000 3097 Epirt.
1015 3029 1038 3094 l,
1054 3030 1081 3093 6,
1095 3027 1119 3079 1.
1141 3028 1189 3081 Nil
1202 3026 1291 3083 odni-

158 3150 163 3168 .
200 3129 225 3165 v.
239 3110 361 3166 26-29.
387 3111 463 3175 Noa,
480 3111 526 3181 pai
546 3116 607 3163 cett.
634 3112 704 3164 Sen-
745 3116 813 3179 φατὶ,
827 3114 935 3169 ubivid.
948 3119 1003 3168 not.

158 3212 218 3251 rure
239 3198 285 3263 qul
301 3196 475 3249 wdterbmn
487 3211 619 3263 purpurae
630 3198 704 3250 colo-
787 3216 811 3252 r.
824 3199 866 3253 33.
890 3200 992 3269 Regae,
1016 3198 1192 3265 potentiores,
1211 3192 1291 3251 ditio-

158 3298 228 3347 rem,
246 3282 319 3348 quali
331 3282 474 3347 Aquinatea
486 3282 608 3349 decipere
618 3283 706 3335 nolent
745 3300 797 3337 rea,
818 3312 855 3325 —
872 3284 939 3348 oitn,
960 3284 1091 3351 sapienter
1105 3282 1205 3335 seilicet
1215 3282 1291 3336 inati-

157 3368 310 3435 irnperitor,
345 3381 398 3419 non
428 3368 578 3420 discernere
613 3367 706 3419 didicit
747 3374 814 3433 tuta,
826 3366 1187 3437 praecurrere‚(eeprtlirie,
1201 3382 1292 3434 uapu-
1348 3354 1350 3359 ¹

158 3452 341 3506 muniendo
365 3467 424 3505 euna
443 3455 557 3519 genuino
573 3466 706 3519 purpurae
747 3452 888 3523 δραμεῖν),
906 3460 1080 3523 praevertere,
1097 3466 1228 3519 raperere.

159 3538 258 3601 colore,
277 3538 301 3588 la
321 3536 391 3589 baud
415 3538 540 3590 certiora
558 3544 586 3589 et
600 3537 705 3602 gracio-
788 3555 812 3591 v.
826 3535 945 3592 34-38.
968 3538 1033 3593 Curn
1046 3537 1179 3589 Himeraei
1192 3532 1291 3589 vellii-

159 3638 203 3674 raa
217 3622 314 3674 orroria
328 3628 357 3675 et
376 3622 522 3689 imperitiae
543 3637 641 3689 poenae
655 3621 705 3673 da-
746 3639 877 3677 rnerenaes
896 3622 1045 3688 Phalaridi,
1064 3622 1291 3689 Agrigentinorum

143 3696 209 3771 bit,
222 3720 301 3772 qnam
317 3707 369 3771 iile,
383 3709 427 3773 qui
437 3722 490 3759 non
504 3707 596 3759 lalrurn
612 3722 630 3757 a
641 3722 705 3759 roro
745 3709 773 3761 in
788 3709 876 3762 Sicilia
891 3714 1018 3775 tyrannm,
1040 3722 1116 3775 quem
1130 3708 1155 3759 in
1169 3706 1292 3759 auxilium

159 3792 320 3859 Magneta
344 3792 449 3857 poterit
473 3818 512 3832 -
535 3792 634 3845 pellere
654 3808 706 3860 po·
746 3800 867 3847 vocatum
897 3798 1023 3846 aurinum
1044 3792 1138 3844 ducem
1157 3780 1292 3859 pr'aeieee-

159 3878 351 3942 teatiusecuur
368 3878 533 3945 Aquinatem,
556 3876 582 3928 b.
596 3891 620 3927 e.
636 3876 706 3943 apud
747 3883 808 3933 rant
822 3879 1017 3943 auoexercirni,
1036 3876 1181 3929 cutodiant
1196 3892 1292 3943 corpo·
1320 3876 1333 3895 ’

160 3964 305 4030 Aquinatea
338 3960 450 4027 (breniae
479 3962 589 4028 Aquini,
617 3956 706 4027 oppidi
747 3964 783 4015 rlr
798 3978 902 4029 quoque
915 3964 979 4017 dare
998 3963 1208 4026 conutituiareut,
1226 3962 1293 4013 Ste-
1323 3971 1326 3979 ·

159 4045 339 4113 Volrcornur,)
362 4046 422 4099 inco
434 4046 506 4114 (vide
518 4061 589 4113 aupr.
606 4046 641 4097 ad
654 4045 706 4099 Od.
747 4046 879 4114 aielrorua,
901 4054 930 4101 ut
945 4048 1026 4101 refert
1042 4047 1150 4101 Aristot.
1165 4044 1244 4099 eret.
1257 4045 1292 4111 ll,

159 4132 208 4197 lll,
220 4134 249 4197 5,
263 4131 321 4198 28.)
333 4134 425 4185 tincta.
442 4160 480 4173 --
495 4132 648 4184 eonteaden
660 4132 706 4183 Si·
747 4130 791 4185 89.
812 4134 978 4185 Himerenraa
991 4135 1025 4185 de
1037 4132 1219 4199 imprudentia,
1239 4146 1292 4197 qua

162 4218 243 4270 doeio
257 4224 338 4280 patro,
359 4232 511 4285 conparare
525 4230 584 4271 oum
600 4218 706 4269 oertert-
748 4232 778 4269 re
801 4218 936 4271 traderent
961 4218 1116 4285 potentiori,
1145 4216 1232 4269 fabula
1257 4214 1298 4291 dq

88 4366 91 4377 Ι
162 4301 209 4353 tae
224 4300 268 4367 (ut
283 4302 397 4367 loquitur
412 4301 706 4369 flor.tnrr.1rptrttt,
748 4318 825 4354 cerro
843 4308 872 4355 et
884 4316 961 4369 aquo,
983 4316 1060 4369 qnam
1075 4300 1117 4353 bie
1129 4306 1220 4355 narrat
1233 4300 1293 4355 Ho-

162 4384 220 4454 211)
237 4387 318 4442 lanae
333 4388 422 4457 Ma
434 4388 574 4445 wicilo·
585 4388 707 4453 Μαι,
748 4388 839 4454 ntiur,
861 4389 992 4443 nonuirre
1009 4388 1113 4443 dicitun
1134 4384 1236 4444 Eodrur
1248 4400 1302 4445 rer
