2800 4909
263 351 267 360 '
356 341 727 411 nntsnonsnvnt
747 341 838 412 Lis.
859 343 905 423 ll',
931 345 963 409 2.
1168 345 1235 413 81⁹

99 497 405 600 lntervslla'virles
424 497 576 572 humane
598 499 794 574 commoda
812 541 866 556 -
895 483 1025 580 Verum
1180 499 1235 573 'tlt

100 611 212 680 Parae
238 615 315 678 aunt
329 607 481 700 plateae,
505 606 590 675 nihil
608 615 647 676 ut
660 606 900 676 meditantibus
914 607 1035 682 obstet
1049 639 1114 697 -;

144 869 168 906 r.
186 851 230 906 70.
251 849 295 905 71.
324 849 421 903 intem.
452 839 510 902 oid.
536 847 649 903 bamam
688 847 820 902 sententia
840 851 959 912 tautum,
994 839 1073 916 quens
1095 844 1138 917 liic
1157 832 1232 902 locus

100 938 247 992 commoda.
264 934 331 989 haec
343 933 432 999 rerba,
454 949 522 1001 quae
538 935 648 987 multum
689 933 822 1002 postrdat,
845 932 898 1008 ped
917 936 997 987 etiam
1018 934 1135 987 latinitas
1153 935 1231 1002 plana

101 1023 202 1090 negotii
222 1022 421 1074 lacessiverunt
444 1020 647 1088 interpretibus,
688 1007 796 1086 respuit.
837 1019 889 1072 Est
909 1025 937 1072 ct
956 1026 1045 1072 manet
1056 1021 1151 1072 lectior
1179 1019 1231 1073 ts-

100 1108 258 1176 explicanda
275 1107 395 1160 videntur
417 1105 471 1158 sicr
500 1106 591 1172 „vides
605 1105 648 1158 in·
688 1120 776 1170 mnae,
787 1111 911 1173 corrupta
924 1105 1230 1172 ctdeprarata,exqua

101 1195 210 1247 terralla
231 1191 369 1246 commoda
387 1190 507 1244 videlicet
527 1189 646 1243 humanis
689 1189 840 1244 commodus
867 1203 960 1243 sensus
983 1205 1018 1244 ne
1041 1191 1150 1246 extundi
1170 1191 1226 1256 qui·

101 1279 233 1332 s·iribus!“
262 1275 420 1329 contrarium
432 1276 512 1344 igitur
526 1289 574 1342 per
590 1276 645 1328 iro-
687 1275 881 1340 dem,'nedurn
891 1275 964 1340 elici,
985 1281 1081 1343 potest.
1102 1273 1229 1356 Proiecto

101 1365 173 1418 niam
200 1361 395 1428 intelligendum
421 1367 479 1425 est3
517 1361 646 1413 Horatius
686 1364 741 1412 tam
760 1360 919 1424 insolenter,
945 1365 1000 1413 tam
1018 1363 1144 1425 obscure,
1171 1363 1227 1412 tana

101 1451 171 1502 enim
183 1449 239 1501 sine
253 1447 332 1500 dubio
340 1445 483 1514 exprimere
491 1446 571 1498 voluit
579 1443 643 1498 hocs
685 1445 810 1514 perplexa
822 1461 874 1498 uon
886 1445 990 1512 scripsit
1000 1445 1135 1498 Horatius.
1155 1442 1227 1497 Hinc

101 1535 173 1588 rides
187 1534 338 1597 intervalla,
365 1532 474 1584 molesta
484 1545 549 1584 sane
563 1537 591 1583 et
602 1529 642 1582 in·
685 1545 737 1598 eqo
767 1546 816 1596 pro
838 1530 951 1584 tumens
970 1530 1083 1584 tortam
1104 1531 1227 1584 Rouana

101 1618 240 1672 commode
261 1616 357 1672 bomini
378 1617 445 1669 viam
464 1617 533 1668 inter
550 1617 643 1668 collem
684 1615 821 1683 legendum
850 1629 909 1667 esse
932 1617 1120 1682 conjectabam.
1170 1613 1226 1668 Sed

102 1703 239 1761 Quirinum
252 1703 438 1756 etArentinum
451 1701 641 1766 emetienti3-
684 1696 751 1752 baec
777 1715 880 1766 quoque
902 1699 1052 1768 conjectura
1074 1715 1144 1755 nunc
1163 1698 1227 1753 milri

102 1789 230 1852 amane,
258 1803 305 1856 per
319 1787 445 1851 ironiamq
466 1787 571 1839 Vossius
584 1801 643 1838 ver-
685 1785 823 1853 displicere
842 1786 937 1853 coepit.
978 1784 1119 1839 Videamus
1137 1785 1226 1853 igitur,

101 1874 151 1926 tit:
179 1890 232 1924 cors
260 1873 387 1926 lsdlrclrar
417 1871 642 1924 liesudclrliclalreit.
685 1887 720 1924 an
747 1868 823 1922 huius
852 1869 903 1922 loci
927 1871 1090 1938 corruptelae
1109 1869 1226 1924 remedio

101 1958 199 2012 Restat
210 1964 298 2011 tamen
310 1959 337 2010 in
350 1973 413 2010 voce
425 1955 536 2010 bumana
546 1956 643 2024 aliquid
684 1955 788 2022 aliquo,
808 1955 870 2009 licet
883 1954 1049 2021 violentiora,
1070 1961 1159 2009 tamen
1167 1955 1225 2007 etli-

100 2043 273 2108 iusolentiae,
293 2058 371 2110 quam
384 2041 428 2095 vix
443 2043 542 2094 tribuas
554 2041 643 2096 Hora·
685 2042 798 2105 canore,
812 2041 928 2093 succurri
943 2041 1032 2108 possit.
1044 2041 1225 2106 -Horatius,

103 2129 148 2182 tio.
190 2127 263 2180 Dixit
275 2128 319 2181 ille
331 2127 405 2180 nbi.
420 2129 644 2182 roeliomueua
685 2125 805 2180 aFloro
824 2125 859 2178 ad
880 2125 1012 2191 carmina,
1040 2125 1102 2180 dnm
1121 2125 1225 2178 Romam

99 2216 320 2282 poe'snatucemes
333 2213 445 2266 scribere
461 2227 579 2280 posse,
600 2211 646 2264 iss-¹
667 2217 771 2277 esset,
800 2210 938 2264 scribenda
961 2212 1106 2278 excitatns,
1135 2210 1224 2263 decla-

101 2304 142 2351 trr
155 2304 194 2351 tot
205 2315 281 2352 surus
291 2295 506 2369 totquelslorer?
525 2297 555 2352 ln
568 2313 642 2350 men·
683 2302 743 2362 rat,
772 2311 802 2348 se
822 2307 870 2364 pet
890 2301 973 2348 totum
987 2295 1056 2350 diem
1066 2284 1168 2349 ltomaa
1183 2298 1225 2347 tot

101 2389 155 2436 tem
178 2377 328 2450 igiturmilri
343 2383 477 2448 ueniebat,
503 2383 643 2436 Horatium
682 2383 801 2435 laborum
842 2381 1058 2448 negotiorumque
1096 2381 1223 2445 distineri,

100 2466 213 2520 sonasse
232 2469 379 2537 scripsisse:
410 2469 552 2522 interualla
566 2469 641 2520 uides
681 2467 771 2530 obrui,
812 2466 907 2534 agitari
923 2468 1056 2534 premique
1077 2465 1223 2532 generibus,

102 2553 257 2606 Romano
274 2553 503 2620 (Romaeviventi)
519 2539 641 2606 incoen-
682 2549 732 2620 (cf,
754 2552 788 2605 de
811 2551 909 2604 diurnis
928 2551 1033 2604 Horatii
1056 2551 1159 2604 Mutae
1173 2566 1222 2604 ne-

100 2639 221 2702 mods,-
241 2637 575 2706 relcuminterroqationes
595 2637 641 2692 lu·
681 2637 761 2706 gotila
773 2652 844 2704 supr.
866 2636 923 2690 Sat.
944 2635 980 2702 ll,
997 2635 1076 2701 6,35.
1090 2633 1177 2703 seqq.)
1192 2638 1222 2687 ut

101 2723 213 2778 terrulis
224 2723 423 2778 oidasliomauo
445 2724 595 2776 commod
600 2721 641 2776 a?
681 2721 842 2775 nullomodo
856 2737 950 2773 vacare
963 2722 1046 2794 possit
1063 2736 1221 2789 componen-

100 2807 206 2862 videsne
214 2809 348 2875 interpella
356 2809 459 2862 Romae
467 2809 559 2861 viventi
569 2824 641 2861 com·
682 2806 724 2860 dis
739 2805 903 2860 carminibus.
944 2806 986 2860 sd
1009 2823 1041 2858 ea
1054 2822 1130 2871 vero,
1152 2821 1220 2871 qnae

100 2893 246 2946 modal-
271 2895 366 2946 Vm
377 2894 640 2964 Puraesuntpluteae
679 2893 729 2945 sibi
743 2907 848 2944 carmen
867 2892 971 2958 aliquod
989 2890 1093 2944 nanas
1107 2891 1220 2943 medita·

100 2983 180 3044 cett,
206 2979 258 3033 iam
280 2979 322 3032 vel
342 2979 463 3044 Florum,
488 2979 528 3031 rel
549 2993 640 3046 qnem-
680 2985 741 3032 turo
755 2977 857 3041 obsint,
877 2975 958 3030 refert
967 2992 1070 3044 quoque
1085 2975 1147 3028 illud
1161 2975 1218 3027 otti-

99 3078 202 3129 cunque
222 3064 300 3118 alium
313 3063 513 3131 respondentem
526 3063 639 3118 inducite
680 3060 779 3116 ciorum
805 3077 903 3128 genus,
942 3077 993 3128 quo
1013 3061 1115 3128 aegroti
1133 3060 1219 3125 amici,

98 3147 197 3202 Verum
208 3145 290 3202 visin
303 3148 395 3218 plateis
410 3149 490 3203 libere
497 3155 587 3216 patet,
609 3153 639 3202 ut
678 3149 745 3202 alius
758 3147 785 3200 in
798 3146 865 3199 colle
878 3147 994 3211 Quirini,
1023 3147 1088 3199 alius
1102 3152 1219 3199 extremo

96 3233 247 3300 neutiquam
259 3235 480 3303 praetereuntium
489 3233 639 3286 meditatio-
679 3233 852 3288 instertitio
866 3232 908 3283 via
927 3232 1006 3297 longa
1020 3237 1048 3283 et
1059 3232 1169 3287 molesta
1176 3229 1220 3290 ,ri-

97 3333 146 3372 nes
159 3318 392 3388 interrumpmturs
420 3320 527 3390 plateae
545 3335 639 3390 purae,
680 3317 755 3386 seudi
785 3319 845 3369 sint.
893 3315 962 3368 Tum
991 3313 1118 3368 Horatius
1141 3315 1181 3367 vel
1203 3331 1220 3366 a

97 3410 229 3472 purgatae
252 3407 293 3458 rel
313 3405 411 3459 liberae
431 3406 465 3458 ab
484 3405 529 3471 iis,
572 3421 640 3474 quae
680 3405 762 3460 Floro
778 3402 819 3455 vel
840 3417 858 3452 a
871 3415 1026 3467 quocunque
1039 3400 1091 3453 alio
1104 3399 1153 3452 sibi
1170 3416 1219 3466 op-

96 3487 166 3540 viam
195 3489 420 3557 praetereuntibus
449 3489 637 3557 intersepiunt3
679 3488 743 3560 poni
758 3487 846 3554 fingit:
873 3490 902 3537 at
914 3486 956 3537 uie
970 3500 987 3536 a
1000 3486 1065 3538 colle
1076 3485 1179 3541 Quirini
1192 3483 1219 3536 in

95 3587 179 3640 parus
192 3581 216 3626 et
227 3581 320 3644 patera
334 3592 448 3644 campus,
469 3573 638 3640 ttaxxti',
681 3575 774 3627 collem
804 3571 958 3624 Aventinum
986 3576 1028 3622 est
1045 3586 1131 3638 pura,
1165 3585 1219 3622 non

96 3651 140 3710 14.
164 3657 253 3726 virgil.
269 3662 335 3713 Aen.
348 3659 408 3724 Xll,
418 3659 478 3714 771.
497 3677 588 3730 puro
609 3665 639 3712 ut
680 3658 800 3726 vepribus
818 3655 920 3721 obsita,
961 3670 1012 3708 nec
1031 3656 1089 3708 aliis
1109 3653 1218 3721 impedi·

93 3750 199 3810 ponens
223 3761 373 3798 concurras
386 3761 485 3812 cumpo.
510 3771 548 3784 —
578 3743 640 3811 (vir
681 3749 827 3799 mentorum
845 3741 983 3808 generibus
1000 3739 1153 3808 intersepta,
1170 3738 1218 3804 lta,

95 3825 279 3881 celeberrimus
295 3829 638 3884 MitrcierlicliualuCosn·
680 3836 711 3882 nt
726 3825 790 3882 nibil
810 3827 890 3881 obstet
903 3826 1100 3890 meditantibus3
1129 3823 1218 3877 Hora-

94 3919 173 3964 ment.
187 3916 270 3968 Acud.
288 3915 406 3986 Gotting.
417 3916 492 3969 1895.
503 3933 528 3982 p.
542 3911 566 3966 6.
578 3921 605 3966 et
612 3913 637 3968 7.
680 3906 732 3970 tius
754 3910 909 3979 responden
939 3918 968 3964 at
985 3910 1105 3979 prolecto
1125 3909 1152 3962 in
1167 3908 1217 3961 hac

93 3995 233 4052 lectionem
253 3999 366 4054 bumana
388 4007 416 4055 ut
438 4015 580 4070 congruum
596 4001 638 4053 lo-
677 4001 722 4052 via
740 4013 829 4052 omnes
850 3997 1032 4050 meditationes
1048 3995 1216 4064 interpellan-

94 4081 198 4138 tinituti
221 4091 247 4138 et
269 4085 381 4156 dignam
403 4085 518 4138 Horatio
546 4085 637 4140 deien—
679 4091 722 4138 tur
735 4082 1021 4152 ,etinterrumpunturq
1042 4081 1130 4134 obstat
1144 4081 1216 4132 eunti

93 4165 206 4222 dandam
214 4172 339 4238 suscepit,
353 4171 414 4224 dum
422 4170 637 4225 lumnnedictum
679 4169 757 4222 turbe
781 4165 914 4220 homiuum
940 4167 968 4219 iu
988 4165 1106 4218 aedilicio
1128 4167 1215 4231 aliquo

93 4261 346 4324 essesutumatpror
360 4257 637 4325 bummitntirnegro·
678 4251 818 4308 excitando
837 4255 1038 4320 occupatorum
1071 4248 1114 4302 ria
1132 4251 1214 4302 inter-

91 4337 128 4390 tis
144 4341 236 4394 micis
250 4341 427 4410 proestmrdna
442 4343 545 4394 ratione
558 4341 635 4394 iuli·
678 4339 791 4392 cluditur
811 4337 948 4405 planstris,
976 4335 1069 4402 quibus
1088 4331 1214 4386 vehuntur

90 4427 129 4478 ts.
178 4419 234 4480 Sed
260 4425 330 4480 hanc
356 4425 554 4494 explicationem
583 4441 636 4480 uon
676 4425 786 4490 sunem
823 4423 877 4476 ruit
904 4423 933 4476 in
959 4425 1157 4490 praetereuntes
1174 4418 1214 4470 rel
