2800 4909
151 320 217 386 226
482 316 520 397 Q.
546 314 763 382 uouauu
791 312 973 379 uuucc1

150 472 290 545 Scilicet
303 494 444 546 uxorem
467 495 545 543 cum
561 472 661 556 dote,
686 472 879 562 iidemque,
906 480 940 541 et
954 471 1092 557 amicos,

100 639 104 647 .
149 580 197 646 Et
220 572 328 670 genus
352 586 387 645 et
410 577 557 645 sormam
581 577 700 667 regina
724 576 872 645 Pecunia
897 576 1019 644 donat:

148 683 204 752 Ao
227 682 316 749 bene
339 689 548 749 nummatum
573 679 715 749 decorat
738 677 905 763 Suadela,
941 679 1133 767 Venusque.

148 783 330 874 Mancipiis
344 784 498 872 locuples
512 792 592 873 eget
608 784 693 851 aeris
710 781 959 873 Cappadocum
984 805 1063 850 rex:

148 888 202 957 Ne
217 887 319 953 fueris
334 884 394 955 hic
408 897 456 957 tu.
506 884 715 975 chlamydes
740 886 922 970 Lucullus,
954 894 992 957 ut
1007 886 1108 971 aiunt,
1227 880 1281 953 4⁰

149 991 188 1060 Si
212 982 337 1081 poss'et·
352 998 488 1059 centum
513 1012 632 1059 scenae
657 990 824 1079 praebere
848 1000 1000 1079 rogatus,

150 1093 219 1177 Qui
231 1092 457 1183 possumtot?
484 1093 546 1159 ait:
572 1102 685 1161 tamen
698 1103 734 1161 et
747 1115 925 1181 quaeram,
953 1102 1002 1175 et,
1028 1101 1112 1179 quot
1124 1088 1277 1175 habebo,

149 1196 303 1264 Mittamr
333 1205 413 1285 post
437 1194 543 1284 paulo
567 1196 702 1278 scribit,
735 1197 800 1263 sibi
824 1195 931 1263 millia
955 1196 1105 1283 quinque

150 1300 235 1371 Esse
258 1298 353 1367 domi
372 1297 606 1388 cltlamydum3
630 1308 781 1388 partem,
806 1299 864 1366 vel
883 1298 1021 1365 tolleret
1042 1319 1171 1370 omnes.

151 1403 258 1483 Exilis
283 1403 501 1481 domasset,
536 1402 597 1470 ubi
620 1424 689 1469 nou
715 1412 749 1470 et
773 1402 880 1469 multa
904 1411 1092 1490 supersunt,
1227 1394 1280 1469 45

151 1506 199 1575 Et
224 1505 399 1576 domiuum
424 1503 565 1586 fallunt,
599 1515 633 1571 et
657 1512 798 1595 prosunt
823 1504 962 1575 furibus.
1016 1504 1124 1597 Ergo,

152 1609 192 1677 Si
215 1632 269 1677 res
293 1609 367 1679 sola
389 1617 505 1701 potest
527 1609 641 1678 lacere
667 1616 701 1676 et
725 1630 857 1681 servare
881 1608 1030 1693 beatum,

194 1835 218 1871 r.
235 1816 279 1871 36.
298 1816 341 1871 37.
356 1818 505 1887 fidemque,
536 1832 599 1870 nos:
628 1816 693 1869 Cre·
735 1817 840 1871 insania
881 1817 928 1871 Illa
941 1816 1008 1869 enim
1022 1815 1123 1881 domus,
1144 1830 1212 1883 quae
1225 1830 1280 1869 noa

152 1904 200 1957 dit.
218 1932 253 1942 -
267 1920 366 1972 gaoris,
385 1905 563 1967 nobilitatem
579 1930 616 1941 -
631 1907 692 1970 sor·
736 1904 982 1956 itaomnibusrebus
994 1903 1118 1967 abundat,
1141 1908 1179 1966 ut,
1195 1916 1280 1967 quan-

150 2006 236 2055 auun,
257 1988 479 2055 pulchritudinem.
736 1995 780 2041 tae
797 1989 933 2051 illaesint,
954 1990 1009 2055 ipse
1030 1988 1148 2041 domiuus
1165 1988 1280 2053 ignoret,

192 2091 215 2127 v.
231 2072 275 2127 37.
304 2091 362 2144 reg.
383 2074 460 2137 Pes,
486 2073 613 2139 pecunia,
642 2073 694 2137 cui,
734 2074 820 2127 tenuis
835 2074 949 2125 eteritis
964 2080 1011 2125 est

150 2167 180 2212 ιιι
197 2158 333 2223 dominae,
352 2160 406 2224 ,(ut
432 2158 557 2210 Horatius
582 2158 695 2223 loquitur
780 2157 1121 2227 v.39.uans1›.ue.eget
1135 2173 1189 2210 aar.
1208 2156 1280 2224 Cap-

148 2260 219 2313 supr.
234 2244 291 2295 Sat.
304 2244 338 2308 ll,
358 2244 384 2307 6,
405 2243 463 2309 96.)
486 2243 574 2294 cosma
590 2250 694 2311 parcnt,
734 2244 797 2311 part.
812 2258 875 2307 rea,
896 2243 1006 2311 plurima
1020 2244 1161 2295 incolarum
1173 2242 1280 2307 Caprpa-

150 2330 268 2397 apposite
286 2330 431 2397 appellatur
449 2328 562 2397 regina,
589 2343 694 2393 compa·
736 2328 900 2395 dociaepars
915 2327 1017 2379 luerunt
1031 2330 1113 2393 servi,
1137 2329 1208 2393 iique
1231 2328 1279 2377 ab·

149 2420 208 2467 rant
222 2413 330 2465 Hesiod.
338 2412 397 2465 686.
410 2402 696 2481 χρήματαγᾶρψυχὴ
735 2414 876 2477 lectissimi,
896 2398 947 2465 'vid
962 2414 1042 2465 Cic'
1036 2416 1146 2466 morat.
1162 2412 1194 2467 Ρ.
1210 2412 1280 2465 lteri.

149 2493 262 2549 πέλεται
279 2496 396 2548 δειλοῖσι
410 2496 548 2565 βροτοῖσι.
735 2500 762 2551 iu
777 2500 839 2551 Seu.
855 2514 877 2549 c.
889 2499 924 2561 6.,
947 2513 991 2549 rex
1005 2514 1031 2563 ι
1032 2498 1082 2550 ‘tur
1094 2498 1280 2565 Cappadocum

192 2600 215 2636 v.
229 2583 271 2635 38.
294 2584 333 2635 Ac
346 2582 408 2634 bena
425 2600 520 2635 numm.
541 2583 596 2636 dee.
611 2582 693 2637 saar.
735 2583 845 2635 dicitura
868 2584 978 2651 locuples
987 2600 1131 2651 marscspns,
1145 2583 1191 2635 sed
1200 2600 1282 2653 ageas

153 2670 305 2736 Venusque,
326 2666 369 2733 qui
381 2666 450 2720 dives
466 2675 516 2734 cst,
537 2668 633 2721 ineius
648 2684 693 2722 co-
735 2670 823 2731 ιιιιίις
852 2668 921 2720 unde
941 2670 1034 2721 Cicero
1050 2670 1083 2721 ad
1102 2670 1218 2721 Atticum
1235 2670 1281 2733 Vl,

150 2754 243 2805 mitatu
256 2752 370 2805 Suadela
389 2754 517 2806 etuesus
531 2754 694 2821 conspiciua-
736 2756 761 2807 1.
791 2754 825 2805 de
855 2754 1024 2823 Cappadocia
1062 2753 1154 2821 (asiae
1173 2755 1282 2807 ariuoris

152 2845 209 2902 tnr,
232 2836 257 2888 b.
273 2854 296 2889 e.
318 2837 341 2888 ei
356 2836 459 2889 divitiae
475 2840 588 2905 speciem
603 2838 693 2891 laeua·
735 2838 899 2907 provincio:
928 2840 995 2891 nillil
1012 2840 1057 2892 illo
1074 2856 1156 2909 reguo
1178 2840 1281 2907 spolia·

152 2922 211 2974 diae
234 2929 261 2974 et
278 2922 394 2973 amabilis
411 2924 513 2988 gratiae
533 2924 694 2987 obtendunt,
735 2925 802 2989 tias,
823 2924 889 2976 nibil
901 2941 966 2995 rege
982 2925 1108 2993 egentius.

153 3008 192 3071 is,
213 3007 256 3072 qui
275 3006 346 3059 diues
365 3012 422 3072 est,
444 3008 540 3071 abiis,
570 3009 614 3074 qai
630 3008 696 3060 divi·
778 3026 802 3061 v.
820 3004 862 3063 40.
886 3010 926 3061 Nc
944 3012 1031 3075 sacris
1052 3010 1095 3061 trie
1120 3016 1163 3073 tn,
1192 3026 1225 3063 ne
1242 3015 1281 3075 tu,

153 3092 203 3143 tias
224 3092 399 3156 admirantur,
427 3091 553 3146 facundus
574 3100 601 3145 et
621 3102 694 3145 ama·
737 3100 766 3146 ut
780 3110 826 3145 rex
848 3095 1046 3161 Cappadociae,
1069 3096 1177 3161 pecunia
1199 3110 1282 3160 agore·

152 3178 210 3229 bilis
229 3176 356 3240 babetur3
377 3177 411 3229 de
434 3180 530 3246 templo
549 3179 644 3231 l'eneri
668 3184 697 3231 et
736 3180 789 3241 ris,
817 3181 884 3245 sive,
911 3179 978 3231 lune
1002 3181 1127 3245 pecuniae
1145 3182 1282 3245 penuriam

152 3262 299 3328 Suadelae,
320 3268 349 3313 ut
369 3262 468 3315 deabus
490 3258 655 3328 παρέδροις,
677 3280 695 3315 ι
737 3270 765 3316 ιιι
782 3262 895 3331 fugeris!
917 3266 1006 3315 ultima
1026 3264 1051 3315 in
1065 3266 1154 3329 saeris
1175 3281 1222 3331 per
1236 3280 1282 3316 ar-

152 3348 262 3399 Graecis
277 3353 409 3399 casuacio
423 3348 473 3400 sid.
491 3350 609 3400 'lbrrent
736 3349 776 3401 siu
789 3350 947 3413 producitur.
965 3376 1001 3387 -
1019 3348 1191 3418 Cdlarnydaa,
1213 3366 1282 3417 quae

194 3449 217 3483 r.
233 3428 353 3483 39-46.
375 3431 614 3485 Nexmetsensusr
631 3449 694 3485 coa·
736 3434 791 3484 lore
804 3433 907 3487 luerunt
920 3450 1071 3501 purpureae.

152 3532 228 3569 cerva
246 3516 364 3581 diuitias,
386 3520 539 3585 nouqnales
553 3524 613 3569 sunt
626 3520 694 3585 regis
779 3534 802 3569 ι’.
823 3516 864 3571 44.
892 3513 1006 3582 liberet,
1034 3536 1071 3571 sc.
1093 3520 1130 3571 rei
1158 3520 1281 3571 scenicae

151 3602 348 3667 Cappadociae,
370 3618 462 3667 quem,
485 3604 519 3655 nil
538 3604 585 3655 nisi
606 3619 695 3655 servos
737 3612 859 3667 curator,
881 3606 919 3655 vel
941 3604 1048 3669 amlilis,
1075 3620 1090 3657 a
1111 3620 1161 3671 quo
1181 3602 1281 3656 Lucul-

97 3745 102 3757 ,
151 3682 303 3751 lubentem,
325 3686 413 3739 deficit
424 3689 551 3753 pecunia,
572 3689 694 3755 sedqua·
736 3689 776 3741 lus
792 3695 897 3755 rogatus
910 3688 1003 3741 luerat.

150 3770 189 3821 les
205 3772 352 3837 possedisse
370 3770 464 3823 dicitnr
482 3774 621 3837 Lucullus,
651 3774 695 3838 qui
780 3790 803 3826 ν.
817 3769 859 3826 45.
875 3769 917 3826 46.
939 3774 1038 3839 Erilis,
1068 3776 1156 3840 inops,
1184 3774 1281 3837 tenuis,

131 3860 205 3907 ,tam
224 3854 295 3907 dives
310 3856 373 3921 luit,
395 3862 528 3922 ut,-quae
542 3858 695 3923 possideret,
726 3866 766 3922 ¹ut
787 3874 856 3925 supr.
874 3858 924 3913 06.
944 3859 970 3923 1,
992 3855 1018 3923 4,
1040 3860 1081 3912 17.
1110 3860 1204 3911 domus
1224 3861 1281 3912 arl-

152 3938 208 4005 ipae
220 3942 340 3993 nesciret.
369 3941 503 4003 Hiacillc,
525 3942 631 4007 rogetus
647 3944 694 3994 ali-
737 3945 908 3997 lirl’latonr'u.
928 3972 964 3983 -
981 3946 1015 3997 m
1031 3945 1280 4009 domianmsallnnt,

153 4026 272 4088 quaudo,
299 4029 328 4077 ιιι
348 4028 497 4091 spectaculo
516 4026 618 4079 edendo
633 4044 695 4079 cen·
738 4035 765 4079 et
786 4045 832 4091 ea,
855 4045 922 4095 quae
938 4038 1090 4097 supersunt,
1110 4030 1159 4097 ipsi
1174 4030 1281 4085 domiuo

154 4113 209 4158 tum
222 4109 404 4173 paludamenta
416 4112 610 4179 suppeditaret,
638 4128 696 4162 cum
737 4110 826 4179 ignota
838 4121 905 4165 suot.

155 4192 261 4256 primum
285 4194 444 4259 dubitasset,
473 4212 503 4249 se
527 4203 567 4247 tot
590 4195 696 4260 lu,rbere
779 4193 859 4249 ν..47
883 4198 1000 4267 ErgoSs'
1015 4199 1127 4251 sessola
1143 4205 1216 4263 cett,
1238 4218 1280 4253 cr·

157 4276 232 4325 rebus
252 4278 306 4329 auis
329 4280 467 4345 inspectis,
500 4296 552 4332 noa
582 4288 694 4356 constupr,
736 4298 792 4351 go,
811 4282 834 4333 si
854 4282 973 4334 virtutem
987 4284 1081 4369 sorba,
1110 4286 1165 4336 sire
1186 4300 1280 4339 uomeu

157 4357 203 4408 sed
222 4362 333 4429 quinque
354 4364 432 4417 millia
458 4365 697 4433 paludamentorum
736 4368 812 4419 inane
834 4372 927 4433 putas,
956 4374 983 4420 et
1001 4382 1043 4421 rea
1057 4369 1131 4434 sola,
1152 4370 1226 4423 solae
1242 4372 1282 4424 di-
