2800 4909
157 330 223 395 ιιι
327 420 331 426 ¹
470 324 760 412 cnouorrr
785 297 982 391 unicui

157 486 212 570 Si,
247 487 335 555 benc
359 484 421 575 qui
442 493 583 570 coenat,
614 484 704 554 bene
728 484 827 568 vivit,
858 482 969 571 lucet,
994 505 1121 572 comm,

157 588 238 672 Quo
264 588 359 659 ducit
382 588 484 681 gulo:
516 588 705 680 pisccmur,
739 610 914 667 venemur;
945 597 983 654 ut
1008 588 1092 657 olim

93 742 96 747 -
157 690 348 781 Gargilius,
380 692 563 779 quinione
588 690 729 783 pirgos,
760 691 945 771 venabula,
978 712 1091 757 servos

155 793 340 861 Differtum
363 792 502 860 transire
528 791 641 861 iorum
666 795 902 883 populumque
926 792 1076 877 iubebat,

155 896 250 965 Vnus
274 904 313 964 ut
337 919 357 964 e
381 897 493 965 multis
518 896 654 988 populo
678 906 852 987 spectante
877 896 1018 963 referret
1231 891 1285 965 60

154 998 295 1069 Emtum
319 999 431 1069 mulus
455 1022 586 1091 eprum.
638 998 744 1069 Crudi
768 995 957 1087 tumidique
982 998 1146 1087 lavemur,

67 1160 75 1173 .
156 1102 251 1187 Quid
276 1102 415 1187 deccat,
439 1102 523 1192 quid
548 1126 635 1186 non,
661 1102 776 1189 obliti,
802 1103 936 1176 Caerite
961 1124 1041 1171 cere

154 1204 280 1297 Digni,
313 1206 494 1297 remigium
519 1207 674 1275 vitiosum
698 1206 881 1286 Ithacensis
906 1205 1049 1294 Viyssei,

155 1308 222 1379 Cui
240 1310 355 1401 potior
378 1310 487 1400 petris
511 1309 575 1378 fuit
599 1310 776 1379 interdicta
797 1312 962 1399 voluptas.

155 1412 214 1497 Si,
245 1412 468 1482 Mimnermus
491 1415 541 1481 uti
565 1422 698 1501 censet,
728 1414 799 1482 sine
824 1436 940 1483 umore
965 1409 1115 1501 iocisque
1231 1402 1284 1476 65

75 1668 84 1680 '
197 1683 222 1721 ι.
235 1668 279 1723 56.
300 1669 383 1736 lueet,
410 1686 477 1737 nge,
497 1672 549 1724 ianr
569 1672 625 1727 dies
640 1675 698 1727 illu·
739 1692 776 1727 ee
791 1680 879 1728 terrun
893 1688 1033 1742 promen,
1060 1687 1116 1723 euru
1133 1678 1162 1723 tu
1176 1669 1284 1737 deponis

156 1755 252 1807 ceseit:
271 1756 407 1823 piscentur,
427 1775 556 1823 mernor,
577 1776 625 1826 pro
643 1763 699 1813 rul-
741 1760 783 1827 (iu
810 1759 918 1827 balneo)
945 1760 1054 1812 euictus
1084 1756 1282 1824 Turpidus,

155 1840 230 1907 geri:
259 1846 289 1892 ut
314 1843 400 1895 leutos
424 1844 500 1896 uobis
521 1834 698 1912 compotemui
741 1854 766 1899 et
778 1848 884 1899 crotinm
894 1862 1021 1913 pererrem
1033 1845 1061 1895 in
1079 1842 1171 1894 balneo
1182 1849 1283 1908 portes.

154 1927 262 1991 epuler,
284 1926 344 1978 ideo
359 1927 410 1979 isrn
424 1930 593 1995 poetudixitr
614 1932 698 1999 pisce-
740 1957 784 1971 -
806 1933 910 1985 Caerite
931 1948 991 1985 cere
1012 1928 1104 1998 digni,
1132 1926 1220 1992 digni,
1240 1926 1284 1993 qui

154 2026 227 2076 esur,
247 2026 377 2078 venemur,
400 2020 431 2065 ut
448 2020 568 2081 captaret
579 2019 698 2069 occasio-
739 2018 795 2068 iure
810 2016 927 2081 srrllrugii
941 2016 1033 2082 privati
1049 2016 1113 2067 liunt
1124 2012 1236 2075 aerarii,
1258 2010 1284 2063 ir.

153 2110 214 2149 uem
228 2097 313 2152 obiter
328 2098 451 2165 carpendi
471 2101 635 2169 Gargilius,
662 2104 699 2154 ri·
742 2118 765 2155 e.
777 2103 867 2167 tributi
880 2104 937 2155 loco
953 2116 1015 2159 scre
1027 2100 1178 2166 pendentes.
1215 2098 1283 2159 Gue-

153 2180 268 2233 diculum
282 2188 442 2236 venatorem.
483 2184 510 2237 Is
534 2188 619 2250 euim,
641 2204 699 2240 cum
740 2190 804 2241 riter
819 2188 934 2250 scilieet,
955 2186 1057 2238 incolae
1073 2184 1143 2237 urbis
1158 2182 1240 2234 Ceere
1256 2182 1283 2233 iu

153 2274 274 2319 venetum
289 2268 352 2333 iret,
378 2275 409 2320 ut
422 2270 511 2322 oculos
526 2270 655 2323 hominum
672 2274 698 2325 in
740 2273 859 2337 Etruria,
888 2272 977 2329 dorreti
992 2270 1094 2338 quidem
1115 2274 1176 2321 sunt
1196 2267 1284 2319 aiio·-

153 2368 183 2405 se
205 2356 386 2418 converteret,
414 2370 491 2407 mene
513 2354 634 2422 frequens
658 2357 698 2410 io-
740 2358 823 2410 manis
837 2358 956 2421 civitate,
978 2357 1024 2408 sed
1046 2356 1101 2407 sine
1117 2354 1173 2405 iure
1188 2352 1283 2406 suffre-

152 2451 210 2489 rum
227 2438 340 2491 transire
355 2439 472 2504 solebat,
498 2441 583 2505 retir,
604 2443 698 2508 incole,
740 2444 785 2509 gii.
808 2443 867 2496 Vid.
881 2444 948 2495 Geli.
965 2440 998 2495 Ν.
1014 2440 1129 2502 milvi,
1143 2436 1185 2489 13.
1213 2438 1284 2489 iiiuc

152 2536 258 2587 servor,
285 2523 369 2576 rnulos
388 2530 450 2578 cett.
477 2540 565 2579 secum
590 2526 697 2593 ducens,
741 2529 824 2593 ciues,
851 2530 894 2595 qui
916 2528 998 2580 uoluti
1020 2542 1036 2577 n
1056 2524 1205 2595 censoribus
1220 2537 1284 2590 per·

152 2609 227 2673 qussi
242 2623 362 2673 mugnone
380 2624 396 2660 e
417 2610 554 2663 reuetione
572 2614 697 2679 praedem
740 2614 837 2665 debunt
849 2615 888 2665 ius
905 2612 1036 2677 suffragii,
1060 2614 1085 2662 iu
1106 2610 1219 2662 tnlrulsm
1238 2623 1283 2659 re-

152 2697 331 2761 reportrtorus
346 2701 423 2747 esset.
450 2688 591 2750 sedecce!
608 2700 696 2751 enmi-
738 2688 903 2763 ierebsntur,
925 2698 979 2749 sire
1000 2697 1076 2748 classi
1098 2694 1282 2746 adscribeban-

152 2777 187 2827 tis
201 2778 277 2828 mulis
290 2792 356 2829 unus
368 2785 469 2831 tontum
483 2782 579 2834 niinioi
593 2800 696 2851 eprum,
738 2792 797 2849 tur,
834 2785 874 2835 cui
905 2768 1028 2849 adscripti
1053 2794 1154 2847 quoque
1179 2777 1283 2831 luerunt

152 2876 203 2913 nec
224 2877 282 2913 cum
302 2862 406 2929 quidem
427 2873 530 2934 coptum
549 2871 590 2922 rel
606 2872 695 2934 lixum,
738 2869 864 2921 Gnerites.
1331 2850 1334 2866 ¹

152 2946 437 3015 redemtumreportnt.
467 2950 695 3021 Nosquoquenon
780 2970 803 3007 ι.
820 2954 862 3007 63.
882 2952 1025 3021 remigium
1040 2950 1179 3013 uitiorum,
1205 2946 1283 3001 sicuti

153 3046 215 3084 rsro
228 3048 243 3083 e
256 3035 393 3085 venatione
410 3036 620 3091 viderceolemue
633 3040 696 3092 red·
737 3040 876 3109 eenrigiunr
905 3039 1025 3090 cilionem
1062 3034 1143 3087 itione.
1174 3030 1282 3101 Viperei,

153 3124 260 3182 euntes,
291 3118 452 3186 quigestent
470 3124 624 3191 manticem,
642 3141 695 3178 non
738 3124 763 3177 ir.
791 3142 813 3177 e.
840 3126 906 3177 sieut
930 3123 1013 3175 vilieu
1033 3126 1060 3173 et
1083 3120 1201 3187 corporis
1221 3133 1283 3169 seu·

153 3204 242 3269 lepore
259 3204 293 3255 eb
314 3204 377 3271 ipsis
397 3220 541 3273 percusso,
562 3210 609 3262 sed
625 3217 695 3263 emto
737 3225 863 3277 suumque
883 3207 1007 3275 voluptati
1028 3203 1109 3257 dediti
1128 3188 1282 3268 eociii'lys-

152 3294 307 3354 litteralem·
704 3276 712 3295 ’
738 3296 792 3360 sis,
826 3296 868 3361 qui
893 3291 1047 3345 interdictae
1065 3288 1209 3357 voluptatis.
1227 3288 1282 3339 iru-

194 3388 218 3425 r.
235 3376 278 3427 60.
314 3375 386 3427 Vnus
404 3384 449 3442 ut,
477 3368 644 3443 coerceto,
666 3384 697 3431 ut
738 3386 807 3432 ctum
821 3380 998 3449 praetulerunt
1008 3378 1116 3443 petrice.
1139 3402 1176 3413 -—
1200 3374 1282 3425 inter-

151 3471 219 3510 unus
232 3460 321 3533 mulus
329 3466 392 3513 cett.
403 3490 439 3499 —
449 3464 547 3531 populo
557 3454 696 3533 spectante,
738 3466 825 3531 diue,
846 3468 981 3517 monuerat
996 3462 1102 3527 Vlysees
1121 3460 1226 3523 socios,
1246 3470 1282 3510 ne

152 3548 181 3594 et
193 3544 268 3596 simul
282 3544 392 3597 ridente.
738 3552 828 3603 circei
847 3550 947 3618 poculis
970 3553 997 3599 et
1021 3547 1141 3601 Sirenum
1163 3543 1283 3595 centibus

194 3642 218 3680 ι.
234 3630 276 3681 61.
307 3623 417 3696 Credis
432 3632 469 3685 its
488 3634 623 3700 dicuntur,
651 3634 696 3702 qul
738 3652 767 3689 re
782 3635 840 3703 cepi
854 3624 1022 3701 peterentur,
1036 3629 1207 3683 sedimen.
1241 3626 1282 3679 le
1373 3650 1375 3655 ·

151 3718 206 3782 tum
236 3714 343 3780 largirer
367 3732 397 3768 se
422 3718 629 3786 ingurgitarunt,
665 3726 696 3773 ut
737 3722 877 3790 conigium
893 3720 1014 3773 uitiorum
1026 3714 1160 3779 Horatius,
1182 3720 1283 3766 utere·

151 3797 281 3852 cruditste
301 3800 434 3867 iuberent,
454 3806 530 3857 usoti.
555 3832 594 3843 --
615 3805 695 3857 tussi·
725 3822 772 3874 ¹pc
785 3806 859 3869 stibi,
882 3802 946 3871 (rid.
966 3816 1038 3869 supr.
1054 3800 1088 3852 ed
1108 3800 1192 3865 Epist.
1206 3798 1234 3863 i,
1254 3796 1281 3861 Ξ,

151 3884 245 3952 dieue,
263 3900 301 3937 ec.
317 3888 414 3953 cpolin,
441 3893 471 3939 ut
492 3890 561 3955 spnd
577 3890 696 3943 Persium
738 3888 795 3959 49.)
825 3890 978 3959 perticulam
1005 3884 1205 3953 comparationis
1230 3883 1282 3937 rie-

150 3968 199 4034 lil,
219 3970 263 4023 98.
284 3972 568 4041 largienteque.
591 3999 629 4013 —·
653 3974 696 4027 ie·
738 3977 792 4041 uti,
812 3976 909 4040 ueluti,
931 3973 1048 4048 omisit.¹

150 4070 254 4120 uerter,
282 4060 580 4124 quinquemenstres,
601 4061 645 4126 qui
659 4061 698 4112 ci-
782 4077 806 4115 v.
814 4062 856 4115 65.
879 4061 1055 4123 Mimnermus,
1066 4062 1145 4124 poeto
1152 4052 1283 4122 Colopho-

150 4140 199 4193 bos
213 4140 328 4194 noudum
346 4152 532 4209 concoxernnt,
554 4146 700 4213 perniciore
740 4146 797 4200 niue
812 4148 852 4199 vei
863 4147 1030 4212 Smyrnaeus,
1051 4142 1095 4210 qui
1110 4142 1214 4208 scripsit
1225 4154 1283 4191 cor·

151 4233 193 4278 est
211 4228 322 4291 irretio,
344 4244 377 4279 eu
399 4234 485 4282 tomen
506 4246 559 4282 non
582 4232 697 4284 obstine-
739 4234 809 4287 mine
827 4232 942 4298 elegiace
956 4232 1020 4283 inre
1035 4228 1162 4281 emeterio
1177 4240 1283 4295 ιιιιιιιιιῄ

150 4312 216 4364 beot
237 4310 353 4365 homiues
374 4314 467 4378 grriosi.
502 4314 563 4367 Huc
583 4318 697 4383 pertinet
736 4318 783 4371 tir.
813 4305 962 4371 Mimnermi
985 4314 1076 4367 leudes
1093 4307 1283 4378 Propertius1,

152 4397 225 4449 locus
240 4396 454 4466 lureouLSctl,
475 4396 696 4459 rmum
737 4402 767 4469 9,·
779 4404 820 4458 11.
833 4402 876 4457 12.
898 4402 1047 4469 complexus
1064 4404 1106 4451 eet
1123 4396 1163 4451 his
1184 4396 1284 4449 duobus
