2800 4909
366 280 740 421 nrrsronauvn
761 331 852 398 nra
882 332 960 415 no
1168 282 1233 401 aro

102 498 159 569 Ire
181 506 298 567 tamen
321 486 441 580 restat,
466 496 579 563 Numa
596 514 674 584 ‘qno
700 492 835 564 devenit
859 502 894 561 et
917 492 1040 563 Ancus.

103 604 142 671 si
167 603 257 670 latus
282 610 341 668 aut
365 621 461 667 renea
486 600 610 667 rnorbo
632 606 800 665 tentantur
825 604 938 680 acuto,
1024 624 1029 649 ν

104 706 242 791 Quaere
266 694 389 794 fugam
413 702 533 773 morbi.
585 702 647 771 Via
673 712 766 773 recte
790 699 926 769 vivere?
950 696 1024 788 quia
1048 698 1140 772 non?

104 810 141 879 Si
166 810 271 877 virtus
295 805 367 877 hoc
391 830 458 875 una
481 815 595 898 potest
615 805 720 891 ἀπο,
745 806 842 873 fortis
866 787 996 874 omissis
1184 800 1237 871 tlt

105 914 186 981 Hoc
202 934 271 1004 age
284 909 424 979 deliciis.
474 911 640 980 Virtutem
654 912 757 978 verba
773 918 889 1000 putes,
914 917 953 975 ut

105 1016 241 1087 Lucum
256 1013 377 1106 ligna?
401 1036 486 1083 care
500 1002 685 1105 nepertia
708 1023 858 1105 occupet
885 1012 988 1092 alten

105 1122 158 1189 Ne
184 1116 400 1207 Cibyratica,
424 1141 468 1186 ne
481 1116 631 1209 Rihyna
645 1118 782 1210 negotia
797 1114 938 1209 perdam

106 1222 207 1291 Mille
231 1222 356 1289 talenta
380 1221 617 1303 rotundentur;
641 1220 783 1290 totidem
797 1219 903 1287 altera
915 1239 1042 1311 porro,
1068 1222 1103 1283 et

106 1326 226 1397 Tertia
243 1324 444 1413 succedant,
468 1336 504 1395 et
524 1346 614 1413 qnae
633 1346 713 1418 paro
727 1323 872 1414 quadret
886 1342 1055 1395 acervum.
1184 1310 1236 1385 ab

106 1532 189 1588 prope
203 1516 360 1582 Pantheon,
381 1517 522 1573 abeodem
536 1518 652 1587 Agrippa
693 1533 723 1571 re
743 1518 874 1585 teneda,
894 1519 986 1585 quibua
1006 1518 1034 1571 ln
1055 1518 1144 1585 nean
1163 1530 1235 1587 canly

107 1609 286 1668 cratmctum3
306 1604 334 1656 in
348 1602 399 1656 hac
413 1606 545 1659 beatiores
560 1606 651 1658 deaur-
692 1604 803 1671 pellatur
817 1605 929 1656 morbua.

106 1690 214 1753 balare,
242 1690 270 1743 in
290 1690 337 1742 oia
356 1691 451 1758 Appia
466 1697 553 1745 autem
574 1704 653 1743 cum
736 1704 760 1741 r.
784 1688 826 1742 31.
843 1689 926 1755 sortia
947 1718 983 1727 —
1007 1690 1066 1743 Hoc
1085 1706 1154 1760 oga,
1181 1687 1235 1742 for-

107 1775 220 1829 unaxime
234 1775 302 1827 recti
314 1776 423 1828 volitare
437 1783 465 1829 et
482 1791 511 1829 ae
529 1776 652 1847 ostende-
693 1774 756 1825 titer
771 1775 914 1839 aggredere
928 1773 1029 1827 virtutia
1045 1792 1127 1843 opus,
1157 1774 1236 1829 ornia-

108 1876 138 1913 re
156 1861 294 1922 colebant3
323 1860 383 1912 binc
405 1877 475 1928 supr.
497 1861 582 1929 Epod.
603 1860 651 1925 Ν,
693 1858 858 1923 airdeticiia,
879 1862 978 1913 reiecto
991 1862 1236 1927 eorpornvolrpta·

110 1940 151 1998 14.
171 1946 298 2012 superbus
318 1938 421 2011 quddam
439 1945 516 1999 homo
537 1947 652 2015 Appiam
693 1946 727 1997 tir
743 1951 771 1997 et
787 1945 907 1997 mollioris
924 1946 993 1997 vitae
1009 1944 1102 1999 tructn.

108 2032 211 2083 nmio
232 2037 315 2083 terere
336 2030 449 2097 dicitur3
477 2032 511 2084 de
525 2033 573 2086 nio
594 2034 651 2099 Ap-
736 2044 759 2081 v.
774 2028 818 2081 311.
846 2039 936 2097 portur
957 2036 1060 2098 occupat
1084 2060 1122 2071 -
1146 2038 1240 2101 ροήω
1329 2036 1334 2045 '

108 2116 171 2183 pia,
193 2116 281 2167 Roma
295 2116 427 2183 Capuam,
448 2123 476 2170 et
486 2118 548 2171 inde
565 2118 652 2171 Brun·
693 2129 819 2183 occupare
840 2116 891 2169 lana
911 2123 970 2169 eat:
999 2122 1089 2185 portua
1108 2118 1179 2185 priua
1200 2120 1238 2170 al-

109 2202 212 2254 duaium
232 2200 359 2266 ducente,
390 2203 423 2254 ab
449 2204 537 2271 Appio
558 2204 652 2266 Caeco,
693 2206 899 2269 terooccupare,
921 2196 1072 2269 (φθάνειν)
1088 2198 1112 2255 l.
1125 2220 1148 2255 e.
1164 2220 1239 2271 prae-

109 2288 245 2351 cenante,
278 2289 414 2353 magnilica
451 2294 557 2355 abata,
601 2290 653 2343 rid.
693 2287 1165 2353 oecnpare.eupr.0d.ll‚1u,28.
1195 2290 1239 2341 lo-

109 2371 168 2425 Lir.
182 2370 231 2436 IX,
252 2372 296 2423 29.
693 2372 794 2426 tardum
803 2388 895 2439 rapere
903 2370 1020 2440 (oscula)
1029 2380 1144 2441 occupat.
1154 2374 1208 2425 Lir.
1218 2374 1240 2438 Ι,

152 2457 233 2509 r.27.
251 2457 340 2511 Nono
357 2474 407 2527 quc
429 2459 533 2513 devenit
553 2468 581 2515 et
595 2461 652 2512 Aa·
695 2454 738 2511 14.
751 2457 842 2509 bellum
851 2460 944 2524 facere
959 2466 1090 2525 occupant.
1124 2458 1195 2511 Idem
1217 2458 1240 2525 l,

108 2558 172 2607 eurr,
192 2547 222 2592 ut
241 2556 312 2609 aupr.
334 2544 386 2597 Od.
399 2544 446 2610 lv,
466 2545 494 2609 7,
516 2534 559 2599 15'.
586 2544 653 2609 Noa,
694 2541 721 2596 ³.
761 2544 873 2611 Orcum
899 2544 987 2596 lutto
1003 2545 1031 2599 in
1048 2560 1145 2614 ugrum
1162 2544 1240 2599 Sobi-

109 2626 156 2679 ubr'
182 2628 337 2693 decidimus,
371 2630 429 2697 Quo
449 2631 511 2698 piua
541 2632 653 2696 Aemus,
695 2644 758 2679 oum
772 2628 1096 2695 tranche-Mercator,
1114 2630 1157 2697 qui
1169 2631 1241 2698 prior

110 2728 161 2782 quo
185 2712 259 2774 dicer
280 2714 369 2766 Μαι
389 2722 415 2767 et
435 2720 537 2781 Accua,
563 2716 654 2770 Putria
695 2700 780 2767 altero
794 2714 820 2767 in
835 2720 913 2782 portu
928 2714 1095 2779 adveniebat,
1117 2714 1241 2769 adrectae

109 2804 135 2851 ot
153 2798 247 2851 ambro
260 2815 354 2852 amur.
696 2814 796 2853 mercer
809 2800 906 2853 maiore
914 2800 998 2868 predo
1009 2800 1120 2853 vendere
1128 2806 1240 2867 poterat.

151 2899 176 2935 v.
190 2882 313 2937 aa-aa.
333 2884 365 2937 st
384 2886 452 2939 nra·
470 2892 531 2938 αα.
566 2884 656 2938 nem
739 2900 763 2937 v.
773 2884 815 2938 aa.
834 2886 982 2953 cromnam
996 2912 1033 2925 -
1048 2872 1239 2956 molnaneg,

110 2974 253 3021 etremnn
274 2968 447 3036 &aegrotae
468 2973 586 3025 morbum
597 2973 653 3039 pel-
687 2974 857 3025 'mercatores
878 2972 946 3023 enim
970 2970 1083 3023 Romani
1110 2986 1144 3023 ex
1176 2972 1241 3024 urhe

110 3056 135 3107 le
148 3054 284 3118 rcmediia3
306 3056 329 3105 ri
342 3058 381 3107 via
393 3062 466 3108 recte
479 3058 574 3123 virere,
595 3072 655 3123 age,
696 3054 837 3123 Phrygiae,
858 3056 963 3122 Cibyra,
985 3062 1012 3108 et
1026 3072 1042 3108 a
1056 3054 1175 3122 bithynia
1192 3054 1240 3123 (cs.

110 3140 206 3205 apreli·
230 3141 369 3206 voluptatis
392 3141 538 3205 illecebris,
573 3142 656 3194 virto-
696 3156 766 3207 aupr.
781 3140 832 3193 od.
846 3140 868 3206 l,
882 3140 926 3206 35,
943 3140 982 3208 7.)
1004 3156 1105 3195 merces
1119 3156 1180 3193 suaa
1194 3157 1240 3208 pe·

110 3230 182 3289 ten,
204 3240 272 3291 quac
288 3226 346 3277 nola
358 3232 386 3279 te
400 3226 496 3279 docere
511 3232 597 3294 potest
611 3243 655 3279 re·
696 3230 754 3277 tere
768 3227 904 3289 solebant3
926 3240 991 3290 quaa
1009 3219 1112 3293 quidem
1125 3228 1167 3292 qui
1188 3242 1240 3278 non

111 3310 215 3375 etiora,
235 3324 353 3376 sequen.
395 3313 496 3370 Quodsi
517 3327 579 3364 vero
598 3312 655 3364 exi-
695 3310 821 3364 maturina
840 3309 1002 3364 advehendas
1024 3312 1166 3375 curabant,
1194 3327 1241 3364 ne-

111 3394 216 3460 nima,
235 3396 453 3449 rlrtotemrerbia
466 3404 581 3463 lantum,
602 3414 656 3450 non
697 3396 775 3466 gotia
788 3413 846 3461 auo,
867 3394 892 3449 h.
905 3410 928 3447 e.
943 3402 1078 3461 qnneatunn
1093 3396 1240 3463 perdebant.
1293 3444 1296 3451 .
1324 3418 1327 3425 ·

112 3479 169 3545 ipao
185 3480 286 3533 rirtutia
305 3483 448 3547 exercitio,
468 3490 498 3535 ut
517 3486 657 3536 lucnmar-
742 3496 766 3533 u.
782 3478 824 3533 34.
853 3479 1037 3546 retunderetur,
1063 3482 1242 3547 corraduntur,

112 3564 218 3618 boribus
230 3572 339 3631 tautum,
360 3584 411 3621 uon
426 3569 468 3635 pio
480 3568 589 3622 deorum
602 3570 658 3622 cul-
699 3572 729 3619 ut
746 3581 847 3618 turonia
861 3565 963 3618 rotundi
983 3567 1082 3618 numeri
1098 3564 1241 3629 efficiatum

112 3656 158 3714 tn,
175 3657 316 3715 coartare,
345 3653 362 3717 i,
386 3653 489 3720 praefer
509 3655 597 3707 virtuti
618 3656 658 3707 dl·
705 3678 741 3689 -
758 3652 860 3715 ultera,
880 3666 916 3703 ac.
938 3651 1006 3703 mille
1024 3654 1139 3716 talentu
1169 3652 1242 3717 Virg.

113 3737 209 3801 vitiae,
229 3736 335 3790 intende
350 3751 468 3803 currum,
491 3756 524 3793 ne
537 3741 602 3792 alter
617 3741 655 3791 ci·
697 3736 790 3801 Eclog.
805 3736 851 3800 lll,
872 3736 915 3789 71.
958 3742 1049 3789 Aurea
1068 3738 1140 3791 anolo
1156 3738 1243 3791 dacem

112 3820 164 3873 tiro
177 3832 268 3888 portua
288 3830 415 3889 occupet3
436 3841 515 3889 cave,
543 3825 656 3891 nequid
697 3822 777 3883 oririr
798 3838 856 3873 crea
877 3820 961 3874 altero
983 3820 1034 3889 (nc
1056 3822 1161 3888 decem)
1181 3823 1241 3874 rnit-

112 3906 230 3959 iacturae
243 3906 326 3959 facian
339 3909 365 3960 in
384 3910 495 3976 negotiis
508 3911 575 3974 tuia;
598 3910 656 3963 rnil-
698 3894 760 3961 torn.
788 3907 895 3959 Terent
909 3906 1004 3959 licant.
1018 3907 1065 3972 lv,
1079 3904 1107 3972 4,
1127 3907 1153 3960 31
1187 3908 1242 3960 llll-

111 3992 138 4043 le
158 3996 259 4046 talenta
277 3994 405 4057 rotunda3
428 3996 519 4063 accipe
545 4012 578 4048 err
600 4012 656 4047 nra-
697 4008 748 4045 noa
768 3993 871 4061 culidem
890 3980 945 4045 iuni
962 3994 1048 4045 decem
1069 3994 1146 4046 hobel
1169 4010 1187 4045 o
1202 4008 1243 4045 me

112 4076 187 4130 nibua
200 4078 561 4148 reginael’ccuoiaequaeuia
577 4081 655 4145 dona,
690 4079 771 4146 βία,
787 4108 820 4119 -
834 4078 921 4131 Haece
937 4106 973 4117 -
989 4078 1242 4149 cmeqnmardre-
1277 4106 1278 4113 1

114 4169 141 4215 et
155 4165 185 4216 iia
198 4164 393 4231 exsplendesce.
553 4179 558 4227 l
696 4180 760 4229 rae,
781 4180 818 4217 ac.
835 4164 924 4217 decem
943 4165 1035 4217 mitrae.

154 4266 177 4301 v.
190 4250 235 4303 28.
258 4256 404 4317 tentantur,
428 4250 593 4319 aldlgumlur3
619 4252 658 4304 alc
741 4266 764 4301 v.
780 4248 822 4303 35.
845 4256 870 4303 et
885 4266 952 4319 ortuo
964 4248 1241 4318 peromnem,

113 4341 213 4389 tcaturc
226 4351 307 4403 caepe
322 4334 357 4388 de
371 4338 469 4389 morbo.
699 4340 726 4387 et
741 4350 807 4400 quae
822 4352 883 4401 para
898 4334 1003 4403 edicit„
1012 4340 1041 4386 ut
1058 4340 1169 4401 quatuor
1184 4331 1241 4385 ruil-

155 4422 231 4476 affl.
254 4424 464 4492 Quwclugom
477 4423 659 4491 norhbquae-
699 4420 761 4475 lium
775 4422 929 4475 talentorum
945 4434 1052 4475 acervua
1066 4420 1118 4474 flat.
