2800 4909
187 319 255 391 ala
445 379 450 386 .
500 317 779 402 QHORATH
802 318 991 397 ,theoct

187 477 297 550 iratus
322 475 434 548 Graiis
459 483 632 568 quautam
647 478 817 550 nocuisset
840 462 1005 562 Achilles,

130 619 134 626 ¹
188 581 358 651 Adiecere
382 581 494 651 bonae
517 581 622 672 paulo
648 581 727 672 plus
752 583 831 650 artis
854 581 1024 670 Athenae,
1058 627 1062 636 -

186 683 328 768 Scilicet
351 692 388 754 ut
412 707 550 777 possem
573 706 679 758 curra
703 684 906 777 dignoscere
928 694 1071 768 rectum,

136 827 140 834 ·
184 788 301 876 Atque
325 789 413 858 iuter
439 787 540 858 silves
563 787 731 859 Academi
755 809 920 878 quaerere
946 808 1075 858 verum.
1264 773 1319 850 45

185 889 282 961 Duru
305 889 367 960 sed
393 913 551 963 emovere
576 890 656 960 loco
682 913 740 960 me
764 903 921 983 tempora
945 899 1058 983 grata,

186 992 371 1084 civilisque
394 994 514 1066 rudem
540 994 623 1064 beili
648 993 726 1064 tulit
751 1005 862 1064 aestues
884 995 921 1062 iu
945 1016 1051 1080 erma,

186 1095 339 1168 Caesaris
363 1098 509 1190 Augusti
534 1119 603 1168 non
630 1118 832 1189 responsura
854 1098 998 1167 lacertis.

186 1197 289 1270 Vnde
313 1200 413 1272 simui
436 1201 584 1298 primum
608 1221 665 1272 rue
691 1201 848 1271 dimisere
872 1199 1038 1292 Philippi,

189 1441 240 1493 que
253 1423 591 1492 tectoneuoneutnbu13
612 1440 673 1480 uem
686 1442 735 1498 per
775 1423 869 1496 quide
878 1425 966 1479 medie
981 1423 1082 1494 pieien
1103 1423 1317 1482 enecarent,

191 1507 297 1572 Achillis
309 1512 375 1564 iram
387 1509 498 1582 (Miser
511 1537 549 1552 -
563 1508 733 1578 Heteireia
774 1511 854 1569 arbit.
874 1505 1318 1579 Frequeashuiusrerbiususapad

188 1587 322 1666 Ἀχιλῆος)
348 1597 436 1654 Iliadis
464 1604 644 1665 argumentum
662 1597 734 1652 desi-
774 1596 892 1663 Livium
924 1598 1041 1664 exempla
1059 1592 1165 1664 collegit
1184 1589 1316 1647 pruma

190 1687 294 1748 guttur.
309 1709 346 1722 —
363 1681 446 1740 iassae
467 1683 603 1749 Athenae,
627 1683 733 1750 percipe
774 1673 1037 1746 adjunxerim.
1052 1681 1118 1743 §.6.
1190 1743 1195 1752 ¹

190 1767 250 1832 viru,
270 1781 323 1834 qua
339 1765 463 1823 Horatius
476 1767 567 1820 urbem
582 1768 735 1820 ceiebratis·
815 1762 967 1821 vde-49.
990 1765 1130 1833 civilisque
1139 1761 1231 1815 radens
1244 1764 1318 1823 ecta,

189 1851 296 1916 simam,
318 1851 360 1904 cui
375 1853 452 1904 animi
467 1851 564 1906 cuitmn
578 1851 732 1919 inphiiosa-
773 1854 801 1904 et
821 1849 921 1917 (cicilie
949 1849 1049 1918 aestuo
1074 1850 1166 1902 civium
1192 1845 1268 1904 iitror
1289 1851 1319 1897 et

189 1933 266 2003 piriae
278 1937 364 1990 studia
378 1935 656 2001 debebat‚moitissiuro
669 1953 732 2004 gra·
771 1935 883 2002 impetus
900 1933 1005 2002 (rudem
1020 1933 1094 2002 testo
1106 1949 1165 1998 me,
1181 1933 1245 1985 artis
1259 1930 1317 1983 irei-

190 2022 339 2088 tissimcque
354 2021 432 2074 enimi
450 2037 528 2073 sensu
541 2023 690 2089 simpliciter
704 2028 732 2075 et
772 2019 839 2072 lices
851 2019 936 2073 adhuc
950 2021 1104 2087 imperitum,
1123 2017 1210 2086 (tulit)
1224 2017 1317 2068 1111111-

188 2123 237 2180 per
252 2101 384 2171 λιτότητα
395 2108 488 2160 iusum
503 2111 588 2159 vocat.
599 2133 634 2147 -
655 2108 731 2173 artie,
771 2105 803 2160 tit
816 2111 843 2156 et
857 2106 981 2173 protrusit
993 2105 1019 2157 in
1031 2120 1113 2169 arma,
1129 2102 1195 2169 (aaa
1208 2118 1316 2170 serpetr-

188 2192 304 2260 inteitige
318 2185 514 2259 philesophisrn,
536 2192 609 2244 cuius
623 2193 734 2246 arssire
773 2183 847 2258 unu)
863 2190 1003 2256 naupasia
1018 2189 1106 2247 ittera
1125 2188 1247 2241 Caesaris
1259 2189 1316 2239 Au·
1368 2185 1370 2188 ⁴

188 2275 298 2329 scientia
311 2277 338 2329 iu
353 2275 535 2342 distinguendo
554 2289 618 2329 vero
637 2277 732 2330 ainise
773 2276 844 2341 gusti
860 2273 991 2342 (nemus)
1007 2275 1094 2327 robori
1112 2279 1140 2327 et
1152 2273 1256 2328 viribus.
1275 2299 1312 2310 -

188 2371 322 2425 venatur,
346 2361 415 2426 qnod
435 2361 536 2413 duobus
553 2363 669 2414 versibus
688 2377 732 2414 se·-
773 2366 870 2424 aestas,
884 2361 964 2412 maris
976 2361 1098 2415 tumuitus
1113 2366 1141 2411 et
1156 2357 1242 2409 tenor
1254 2372 1316 2410 see-

188 2447 324 2512 quentibus
339 2445 505 2512 exprimiturr
518 2445 621 2498 Scilicet
634 2453 733 2516 atpee'-
772 2444 830 2512 pius
846 2443 880 2496 sd
895 2445 973 2499 enimi
989 2444 1115 2498 terrorem
1130 2449 1157 2496 et
1168 2443 1315 2506 tumultum,

188 2547 242 2583 rem
265 2547 344 2582 cume
365 2531 518 2600 dignoscere
538 2539 652 2595 rectaene
678 2547 731 2585 nou
773 2535 802 2582 et
814 2530 924 2596 proinde
943 2531 977 2582 ed
998 2529 1112 2582 tirrcrem
1124 2526 1242 2595 queque,
1262 2543 1315 2594 quo

189 2615 257 2671 euim
278 2615 402 2668 Horatius
415 2632 463 2682 per
479 2633 583 2668 curcum
595 2623 622 2670 et
634 2623 731 2670 rectam
771 2613 841 2667 beiiu
857 2615 941 2667 civilia
954 2615 1051 2669 moveri
1073 2615 1208 2678 deantur,
1226 2619 1315 2664 naus·

188 2697 367 2766 geometriam,
384 2701 456 2752 cuins
470 2703 598 2754 eiemsnta
609 2703 668 2765 ¹sine
681 2702 732 2754 du·
772 2697 862 2752 fertur.
880 2723 919 2744 -υ
934 2699 964 2752 ia
976 2717 1061 2764 arma,
1076 2683 1094 2752 'a
1109 2687 1190 2750 Brute
1206 2705 1234 2751 et
1247 2698 1315 2749 Gas-

188 2786 231 2838 bie
243 2787 295 2838 iem
302 2785 405 2838 Romm
419 2787 564 2850 imbiberat,
574 2787 731 2854 respexisse,
772 2784 813 2837 sio
834 2793 926 2837 cantra
939 2785 1080 2838 Antonium
1094 2790 1122 2836 et
1141 2783 1315 2836 Octavianum

189 2870 237 2923 aed
250 2871 376 2923 translate
395 2872 582 2936 egecmetrie‚
611 2872 680 2938 quad
696 2872 731 2924 ad
774 2875 866 2935 capta3
894 2868 1009 2922 delatum
1029 2875 1116 2922 autem
1139 2874 1181 2922 est
1202 2867 1315 2921 Horatio

189 2955 291 3008 virtutis
311 2962 453 3022 praecepta
474 2963 547 3008 recte
565 2957 610 3022 fla,
635 2961 732 3009 sedare
773 2969 866 3006 munus
884 2955 996 3018 trinum
1017 2956 1068 3007 vid
1088 2970 1158 3021 supr.
1179 2953 1271 3017 Sati,
1286 2953 1313 3018 6,

190 3028 326 3108 (ὀρθόν),
343 3038 412 3106 quod
429 3041 562 3096 uirtutis
584 3043 733 3109 praeceptis
772 3033 817 3093 48.
840 3040 916 3106 Quod
923 3039 989 3092 ariisi
997 3046 1103 3108 pareret
1115 3039 1315 3111 iegiaiiasnuntt

190 3126 300 3189 recedit,
310 3141 417 3178 mercum
432 3126 526 3178 dixisse
540 3127 650 3182 ridetur.
679 3127 733 3182 Qut
771 3123 884 3179 tribuae.
906 3151 944 3174 s·-
965 3141 1135 3198 responsura,
1166 3125 1211 3190 qui
1237 3124 1315 3176 aiicui

190 3211 310 3263 virtutem
324 3217 475 3277 sequuntur,
496 3219 576 3276 reeta,
592 3214 635 3278 qui
650 3211 732 3264 virta-
773 3209 811 3260 rei
825 3225 874 3276 par
888 3216 945 3274 est,
965 3211 1006 3262 vet
1024 3212 1146 3264 resistere
1164 3215 1267 3276 potest,
1289 3208 1314 3261 ei

190 3303 243 3350 tem
256 3295 388 3360 deserunt,
409 3313 489 3348 esraa
503 3298 543 3349 via
557 3297 688 3352 incedunt.
772 3295 929 3361 respmm
957 3297 997 3348 vei
1023 3309 1176 3364 responsare
1203 3294 1313 3357 dicitrsr3

232 3398 256 3433 r.
269 3375 312 3433 45.
347 3381 416 3435 inter
437 3383 518 3435 siluas
537 3383 666 3435 Academi
692 3407 730 3422 -
772 3377 823 3430 vid.
843 3395 913 3446 supr.
934 3380 968 3432 ad
987 3380 1046 3434 aar.
1060 3380 1095 3445 11,
1109 3383 1136 3445 7,
1149 3379 1191 3432 85.
1220 3378 1313 3432 (iiciu

189 3465 334 3520 Academia
346 3468 428 3531 enim,
451 3465 536 3536 (dicta
548 3467 586 3519 ita
605 3467 639 3520 ab
652 3467 734 3520 ireres
773 3463 851 3516 Catii.
866 3463 900 3533 11,
916 3464 958 3518 11.
969 3465 1037 3542 ‚iarn
1048 3482 1110 3518 cers
1123 3464 1313 3531 adapteris-

189 3551 303 3617 quodam
323 3551 470 3618 Academa,
499 3559 529 3604 ut
542 3551 621 3605 tradit
641 3553 732 3605 Laeti.
772 3549 874 3603 «tiaran
900 3556 926 3602 et
946 3533 1144 3619 municipiorum
1174 3562 1313 3616 resper-

188 3633 283 3702 1117.)
300 3637 353 3689 sive
362 3637 571 3704 (ipmucsimin
585 3653 638 3704 quo
653 3636 732 3690 scirc-
772 3634 905 3689 debant
924 3635 1055 3689 Catilinae
1069 3626 1174 3688 tumulis
1186 3632 1313 3687 silcestri-

189 3721 228 3772 tas
242 3719 331 3772 habuit
346 3721 432 3786 Pisto,
453 3722 502 3774 init
518 3723 545 3775 iu
560 3737 669 3776 smceuc
682 3738 730 3776 uc·
773 3719 826 3772 ius·
837 3745 875 3757 -
893 3718 976 3786 Vade,
991 3737 1010 3773 a
1024 3737 1075 3789 qua
1089 3720 1193 3787 quidem
1208 3721 1313 3783 miiifitt

188 3820 262 3859 mere
278 3806 335 3858 urbi
348 3805 441 3858 vicino.
774 3831 812 3847 --
828 3805 906 3857 sinet
922 3807 1050 3873 primurn,
1073 3807 1198 3869 simuiacr
1219 3831 1258 3846 -·
1274 3821 1314 3856 sse

231 3907 254 3942 v.
270 3887 312 3942 16.
335 3891 411 3944 Duru
425 3891 473 3944 sed
489 3897 549 3944 cett.
574 3891 628 3942 Sed
643 3889 729 3943 irrisu·
771 3890 894 3942 tantam
907 3891 1032 3960 Philippi,
1045 3904 1103 3944 cum
1116 3890 1241 3943 Horatius
1254 3894 1314 3959 pest

109 4044 120 4052 ι
188 3979 230 4028 sta
239 3981 355 4041 tempora
365 3991 406 4028 me
414 3975 636 4046 (nungentum)
647 3975 729 4028 Athe
770 3973 899 4026 irratam
917 3976 1313 4044 adPhiiippespngnamiuce·

189 4075 245 4125 uas,
258 4062 301 4112 nbi
314 4062 427 4114 suaviter
440 4061 632 4125 delitescam,
651 4059 730 4112 retin-
770 4057 895 4126 ieri'iuga
909 4063 1078 4128 quaesivisset
1087 4063 1214 4124 satutem,
1230 4057 1313 4126 (supr.

189 4153 440 4213 querceuegernntr
464 4145 491 4200 in
512 4148 591 4200 verbo
611 4163 730 4200 emanere
771 4143 924 4212 0d.li‚7,
945 4149 987 4199 10.
1017 4149 1111 4200 Tecum
1132 4145 1268 4213 Phiiippus
1289 4149 1315 4196 et

189 4231 340 4298 exprimitur
361 4231 416 4294 vis,
436 4247 488 4297 qua
507 4233 666 4298 quissiaco
679 4231 729 4284 aii·
770 4231 878 4283 celeresr
888 4229 1315 4301 sugassSemi,reiictaaanieue

189 4315 279 4381 quoin
293 4315 370 4366 aiirun
386 4315 537 4382 depeiiiturr
558 4317 615 4368 Lis.
628 4315 729 4379 vtes
768 4316 922 4386 persam)
944 4317 1030 4384 tepide
1058 4317 1111 4370 iam
1130 4314 1266 4382 Phiiippcs
1286 4330 1316 4366 se

157 4393 162 4402 '
189 4404 244 4452 tera
263 4400 375 4468 percitus
393 4399 436 4454 ira
463 4401 589 4489 cessitius
618 4401 730 4466 iietcres,
771 4401 961 4456 detruserit.
