2800 4909
342 332 719 401 urrsrousnvrr
747 334 836 399 mn
858 332 882 416 1,
902 338 933 403 r.
1169 339 1234 407 ms

2 514 3 569 l
97 497 159 566 Nn
189 503 237 566 est
261 495 465 572 iucundums
498 493 589 563 rivas
613 493 649 561 in
672 510 788 563 emere
813 492 972 583 iocisque.

96 602 211 684 Vive,
242 600 334 668 vale:
365 597 503 688 siquid
526 596 646 665 nummi
669 598 792 667 rectius
816 596 896 681 istis,

98 702 277 775 Candidum
301 703 456 794 imperti3
478 701 508 771 si
531 722 618 787 nou,
643 697 699 769 bis
723 710 819 771 utere
837 718 987 769 meeum.

439 892 445 903 ’
472 921 758 995 nrrsroua
783 922 860 995 vn.

278 1062 282 1071 ’
361 1064 431 1122 su
472 1060 922 1148 uniucunsrnu.

95 1200 260 1289 Quinque
286 1196 358 1267 dies
381 1198 442 1267 tibi
465 1198 640 1292 pollicitus
663 1222 720 1267 me
744 1218 822 1265 rure
851 1195 1012 1283 futurum,

94 1304 261 1373 Sextilem
286 1311 394 1370 totum
419 1303 565 1372 mendax
590 1301 774 1371 desideret.
825 1298 943 1389 Atqui,

95 1401 134 1475 Si
157 1430 219 1475 me
244 1405 358 1475 vivere
382 1405 431 1473 vis
455 1415 615 1495 recteque
638 1404 755 1474 videre
780 1404 958 1485 valentem,

95 1509 210 1594 Quam
237 1509 322 1577 mihi
347 1510 408 1577 das
431 1532 562 1602 aegro,
595 1507 691 1575 dabis
717 1515 897 1599 aegrotare
922 1504 1063 1592 timenti,

2 1626 7 1635 '
94 1610 299 1697 Maecenas,
332 1613 489 1692 veniams
512 1612 596 1680 (lum
621 1612 705 1679 ficus
730 1610 841 1702 prima
866 1608 1029 1699 calorque
1199 1606 1226 1679 5

93 1714 357 1810 Designatorem
387 1714 530 1787 decorat
556 1715 732 1786 lictoribus
756 1714 852 1797 atris3

36 1991 39 1999 ·
93 1960 221 2014 ceruimus
245 1959 349 2014 Hosio
363 1976 453 2013 amore
466 1960 537 2013 votet
556 1958 638 2013 Mirr*
678 1945 819 2022 cederem,
843 1970 887 2021 me
910 1958 1022 2025 quinque
1043 1962 1144 2011 tautum
1168 1958 1224 2014 dies

94 2047 174 2099 amni
210 2063 304 2099 verm
340 2046 475 2109 lleruero3
520 2048 637 2097 comice
677 2044 714 2095 ibi
730 2049 946 2098 commoraturum
961 2058 1019 2095 esre
1042 2044 1089 2094 tibi
1107 2046 1223 2111 promisi,

93 2138 243 2183 medus
262 2131 333 2183 lenio
356 2130 459 2199 porterit
484 2133 575 2183 Amor.
601 2157 638 2169 -
679 2128 727 2181 aed
746 2127 883 2195 (mendox)
906 2145 957 2181 nou
979 2129 1040 2181 steti
1056 2126 1095 2180 bis'
1112 2133 1224 2196 promis-

94 2214 242 2269 Mimnermi
247 2232 337 2270 versus
352 2222 448 2281 autem,
470 2232 536 2281 qnos
546 2232 638 2283 reape-
678 2214 732 2278 ala,
753 2230 812 2266 nam
828 2216 921 2266 tulum
937 2219 1020 2265 lotum
1035 2214 1159 2266 Sextilem
1176 2230 1223 2268 ex-

94 2300 130 2350 uit
139 2302 284 2366 Horatius,
307 2302 417 2370 Cnrpinr
430 2317 445 2353 e
459 2300 640 2354 Plutarcboet
680 2306 771 2367 pectas
797 2314 882 2351 meum
909 2298 1038 2362 reditums
1062 2326 1100 2337 -·
1128 2302 1224 2353 mensis

96 2384 207 2440 dimetas
231 2404 248 2440 e
275 2387 392 2439 Stobaeo
414 2386 516 2439 attulitr
543 2383 587 2443 ele
604 2382 635 2438 el
678 2388 814 2454 Angustus
826 2389 934 2437 vocatur
953 2384 1075 2448 Sextilis,
1103 2387 1163 2450 qnia
1179 2386 1223 2438 ille

94 2464 165 2537 dioc,
191 2469 222 2522 tl
245 2464 278 2523 dl
296 2464 420 2535 reperis
442 2463 508 2535 ἄτερ
531 2470 636 2537 χρυσῆς
678 2484 712 2521 ex
735 2471 819 2536 prisca
851 2471 976 2522 mensium
1005 2472 1223 2525 demerendorum

93 2542 267 2622 loomim„
290 2554 446 2623 Τεθναίην,
467 2546 516 2608 b'rr
526 2571 575 2624 μοι
582 2572 632 2624 μη·
676 2556 778 2607 ratione
793 2562 821 2607 et
837 2556 935 2621 ordine,
957 2556 999 2621 qrri
1015 2572 1031 2607 a
1046 2570 1135 2608 meuse
1147 2554 1223 2609 Mar-

94 2630 148 2691 zt'u
160 2639 254 2693 ταῦτα
266 2635 354 2705 μέλοι.
677 2639 715 2691 tio
731 2640 828 2707 incipit,
849 2648 936 2693 κείω
948 2646 996 2692 est.
1014 2654 1055 2679 —-·
1068 2642 1159 2709 Atqui,
1175 2658 1221 2694 ve·

131 2740 155 2787 r,
170 2727 213 2780 67.
235 2727 312 2790 istis,
339 2726 527 2793 ac.quaedi1l
545 2726 634 2780 deie-
675 2739 732 2776 rum
759 2728 904 2791 enimvero,
934 2732 1067 2791 attamen,
1092 2726 1220 2781 nibilomi-

86 2806 195 2877 ·licitate,
215 2828 296 2879 quarn
309 2826 361 2864 uua
374 2813 454 2865 virtus
466 2812 633 2881 darepotest.
672 2824 721 2861 nus
736 2814 833 2863 temen.

717 2911 740 2946 v.
756 2896 781 2948 5.
803 2895 879 2949 dubia
899 2922 933 2935 -
953 2896 1070 2960 veniam,
1098 2913 1135 2949 ac.
1161 2897 1219 2950 diu-

205 2981 434 3036 EPISTOLA
454 2982 512 3047 vll.
672 2980 1218 3049 tiuainvillameadelitescendi(dun)lruc

143 3097 181 3161 ·A
194 3108 214 3163 a
242 3110 457 3164 ΜΗΗΝ
469 3116 551 3164 Νη
672 3056 736 3117 anni
754 3073 885 3133 tempore,
907 3068 992 3134 quod,
1019 3069 1216 3133 grar’evnletu-

421 3176 425 3186 ι
552 3147 560 3163 ⁰
605 3183 610 3191 ·
672 3150 737 3214 diui,
760 3158 787 3203 et
800 3154 904 3205 morbos
922 3158 949 3204 et
963 3158 1072 3205 mortem
1085 3152 1216 3205 adducere

127 3229 210 3288 Poeta
228 3236 373 3302 longiorem
384 3236 411 3289 in
423 3237 493 3302 villa,
514 3236 559 3289 ubl
570 3251 630 3289 cor-
672 3236 747 3289 solet.
789 3236 931 3303 Scripsisse
951 3238 1051 3289 videtur
1070 3236 1138 3289 hauc
1159 3240 1214 3304 epi·

91 3316 301 3377 protendendi
318 3336 398 3373 eausa
410 3322 630 3387 commorabatur,
671 3324 765 3376 stolam
780 3323 828 3374 snb
842 3323 914 3375 initio
935 3322 1031 3375 mensis
1046 3322 1214 3389 Septembris,

91 3398 227 3458 drudam
251 3406 321 3474 apud
346 3406 528 3460 Maecenatem
549 3422 630 3459 ercu-
671 3408 893 3475 appropinquante
906 3406 1010 3459 iamiam
1018 3414 1150 3473 autumno,
1172 3408 1215 3474 qul

91 3489 145 3549 tlt,
167 3488 246 3555 dnm,
267 3506 297 3543 se
320 3490 356 3544 ibi
372 3507 475 3559 queque
488 3492 629 3545 beneficio·
670 3508 750 3560 supra
765 3507 867 3557 qnoque
881 3492 938 3544 Sat.
951 3490 985 3557 ll,
1007 3492 1093 3558 6,19.
1121 3496 1216 3563 punis

92 3574 234 3627 maheu
252 3582 419 3643 acceptorum
435 3593 575 3630 memorem
590 3578 628 3630 vi·
670 3586 696 3631 et
718 3578 850 3649 Libitinae
870 3584 994 3647 praestes·
1009 3578 1116 3631 merbec
1137 3594 1215 3631 roca-

91 3664 161 3720 vere,
179 3659 258 3713 ddem
277 3661 347 3715 iacit
389 3663 457 3715 Tum
479 3662 553 3714 addit
565 3678 630 3715 nar·
668 3670 720 3716 tur.
763 3662 880 3716 Breviter
907 3668 993 3715 autem
1024 3670 1051 3717 et
1081 3664 1215 3730 eleganter
1331 3678 1337 3697 ‘

90 3738 253 3799 ratiunculam
272 3746 307 3799 de
330 3748 410 3800 nobili
427 3762 562 3800 causarum
578 3764 628 3815 pa·
668 3748 794 3801 Horatius
815 3746 952 3816 descripsit
968 3754 1070 3815 tempus
1090 3751 1214 3815 autumni,

91 3822 161 3877 trono
185 3826 306 3897 Philippo
330 3838 358 3884 et
380 3832 627 3901 praeconemur,
668 3833 745 3901 (dum
765 3834 853 3901 prim
868 3834 938 3901 fieus
957 3840 982 3887 rt
1001 3836 1073 3886 color
1093 3834 1212 3902 decorat)

91 3917 151 3972 ln,
171 3920 294 3977 ruentum
312 3931 392 3985 saepe
404 3917 441 3984 (v.
456 3916 512 3984 96.)
534 3919 626 3971 diasir-
668 3936 720 3985 quo
735 3920 777 3971 lici
793 3920 968 3971 maturitatem
981 3918 1101 3984 lrahrmt,
1124 3926 1152 3972 et
1168 3937 1213 3973 so·
1242 3944 1243 3947 ¹

90 4003 119 4040 η
127 3997 213 4059 petitis
228 4008 380 4068 praestent,
402 4000 427 4053 b.
442 4018 465 4055 e.
482 4002 626 4068 quamlon-
666 4006 698 4056 lis
716 4004 802 4057 server
815 4004 987 4072 perniciosam
999 4005 1024 4057 in
1040 4020 1150 4073 corpora
1162 4004 1212 4057 rim

90 4086 252 4143 neptreco·
271 4102 358 4138 rernm
372 4092 518 4139 rosnarum
534 4088 626 4140 eondi-
666 4088 754 4142 babet.

90 4157 302 4228 tererestereres
320 4186 401 4239 saepe
419 4166 459 4225 sit'
477 4172 517 4238 ei,
547 4185 624 4241 quam
708 4190 732 4227 v.
747 4176 773 4228 6.
795 4174 904 4244 Deriga.
923 4202 953 4213 ·-
970 4174 1140 4244 designator,
1168 4176 1211 4242 qul

89 4244 207 4315 petiam,
226 4252 322 4308 docere
338 4258 433 4309 studet.
665 4259 783 4311 ordinem
797 4260 823 4311 in
845 4260 934 4312 funere
948 4258 1101 4313 servandum
1120 4260 1210 4315 mode-

126 4343 148 4382 V·
164 4332 224 4388 Η·
253 4341 371 4411 Quaque
396 4343 454 4395 dier
474 4348 536 4395 cett.
564 4356 623 4395 cum
665 4352 747 4408 ratur,
769 4351 797 4398 et
807 4360 881 4396 suum
894 4344 994 4411 cuique,
1022 4344 1209 4411 quisunurse-

87 4415 147 4480 ⁸¹⁶2
164 4416 321 4492 flecteres,
341 4426 369 4483 iu
380 4426 465 4484 villam
478 4442 564 4483 meam
578 4423 625 4483 sess
664 4430 771 4497 quitur,
792 4431 877 4485 locum
900 4430 1129 4501 desigant‚·uoa=
1154 4430 1208 4485 ‘ca-
