2800 4909
162 314 229 379 214
467 312 506 393 Q.
535 310 759 375 nouaun
786 310 975 376 uuaccl

165 468 337 561 Supremo
359 474 396 537 te
420 466 495 536 sole
520 468 626 551 domi,
651 469 845 561 Torquate,
870 470 1027 539 manebo.

164 573 253 641 Vina
277 572 374 641 bibes
397 570 518 647 iterum
543 572 662 641 Tauro
687 572 814 642 diffusa
838 573 1003 664 palustres

166 676 259 745 luter
282 674 471 743 Minturnas
496 674 799 765 Sinuessanumque
823 676 1007 747 Petrinum.
1272 672 1299 743 5

167 778 231 849 Sin
255 776 375 847 melina
399 777 483 867 quid
507 777 633 864 habes,
657 800 805 865 arcesse,
831 781 886 849 vel
910 780 1088 873 imperium
1112 778 1187 873 ier..

167 880 373 951 Iamdudum
397 881 554 973 splendet
579 882 694 967 loeus,
729 892 764 951 et
788 884 849 953 tibi
875 884 1002 953 munda
1027 882 1188 975 supellex.

168 984 273 1053 Mitte
298 984 389 1053 leves
413 1007 508 1077 apes,
534 996 569 1055 et
593 987 776 1055 certamina
801 986 1002 1065 divitiarum,

167 1088 215 1158 Et
238 1086 377 1157 Moschi
397 1101 555 1159 'amma
579 1111 652 1163 crae
676 1101 756 1159 nate
782 1088 927 1159 Caesare
951 1090 1053 1159 leam

166 1330 307 1398 impetrare
336 1328 402 1397 boe,
439 1337 471 1384 st
498 1358 536 1372 -
565 1330 712 1397 raonsnbaa,
796 1346 819 1383 a.
831 1330 856 1385 6.
877 1330 925 1383 Sia
942 1330 1033 1383 statius
1050 1330 1115 1399 qaid
1135 1328 1230 1395 bula,
1255 1331 1296 1383 ain

168 1415 241 1481 virg.
256 1417 321 1467 deu.
335 1415 384 1480 XI,
399 1414 459 1468 307.
492 1416 547 1473 Nea
566 1418 630 1469 niati
649 1432 713 1485 pos-
754 1422 783 1467 tu
802 1414 883 1467 babes
898 1416 1006 1469 meliora
1021 1416 1067 1483 iip,
1087 1432 1154 1483 quae
1170 1416 1239 1479 diui3
1256 1444 1294 1453 -

167 1506 227 1552 aaut
243 1500 366 1555 masma
386 1501 481 1567 serso,
501 1518 552 1555 nee
569 1502 632 1554 viati
651 1518 670 1554 s
683 1516 714 1555 aa
753 1501 868 1567 intellige
877 1516 928 1553 nou
941 1502 1027 1553 viuum
1035 1500 1213 1555 tantummodo
1223 1517 1297 1553 onus·

168 1584 308 1652 luspetrare
321 1592 437 1653 possunt,
448 1593 478 1639 ut
493 1587 623 1639 absistant
634 1584 713 1639 terto.
754 1592 940 1651 memoratum,
969 1584 1114 1639 sedetiam
1136 1603 1209 1639 ossae
1229 1587 1295 1639 olm.

173 1696 210 1733 -·,
225 1670 299 1723 lastis
316 1672 468 1737 Asattueta,
493 1672 568 1724 lectis
586 1672 713 1725 bresiori-
758 1700 794 1711 -
804 1688 911 1737 arcessa,
925 1686 958 1723 ea
973 1670 1060 1723 afferri
1073 1672 1150 1737 iube3
1172 1672 1211 1723 aie
1223 1687 1294 1738 supr.

170 1756 236 1818 bus,
256 1754 364 1809 asaban
381 1756 477 1810 hobia
498 1757 644 1821 oouteutiaa
663 1756 712 1809 de·
753 1756 879 1811 Horatius
895 1756 946 1809 Od.
962 1756 1009 1820 lv,
1028 1756 1070 1821 12,
1088 1758 1129 1811 16.
1157 1744 1295 1822 Virgilium

170 1840 258 1905 signat
274 1842 357 1893 lectos
370 1842 503 1907 vulgares,
522 1843 614 1909 quibua
629 1843 711 1896 couti-
753 1843 787 1895 sd
803 1844 898 1895 laetam
913 1840 1130 1908 computationem
1148 1841 1240 1894 afferre
1253 1842 1295 1893 iu-

170 1926 270 1978 eiendis
287 1932 342 1979 ussa
360 1932 439 1979 notua
458 1926 655 1993 tuissayidetus
670 1927 711 1979 ta·
752 1928 798 1981 bet
823 1916 942 1981 sardoas.
972 1926 1054 1991 Sunt,
1078 1928 1122 1994 qui
1141 1926 1175 1977 ad
1193 1943 1297 1979 araeaae

171 1998 336 2078 ber'quidsss
359 2010 481 2076 Arabiam
501 2012 628 2067 Horatius
642 2012 712 2065 eain
752 2014 902 2081 suppleant:
923 2028 973 2076 sse,
986 2013 1076 2063 nteit:
1099 2026 1141 2064 use
1156 2011 1189 2064 ad
1205 2018 1231 2063 te
1247 2028 1296 2063 so-.

168 2094 331 2162 Torquatum
343 2112 396 2151 uon
410 2096 444 2149 sd
463 2097 642 2164 splendidam,
664 2096 712 2149 aed
753 2114 800 2161 aaa
821 2098 868 2151 aad
892 2097 942 2149 boe
966 2096 1028 2149 milri
1056 2098 1167 2149 alienum
1192 2097 1294 2171 ridetur

169 2180 204 2233 ad
217 2186 295 2252 tenue
317 2188 345 2233 et
359 2182 488 2235 modianus
508 2182 651 2235 eonsisiuns
664 2198 711 2234 vo-
752 2184 785 2235 ab
799 2183 903 2236 Horatii
920 2183 1068 2234 urbanitate
1081 2190 1160 2247 atque
1172 2182 1293 2247 ingenioq

170 2271 231 2329 asta
256 2262 318 2319 laiso
340 2282 415 2319 vassu
443 2272 569 2333 aequente
589 2267 711 2334 Torqua·
754 2294 791 2308 --
807 2268 849 2335 qai
864 2268 1069 2335 imperitasset,
1088 2268 1138 2331 sel,
1155 2266 1225 2332 qaod
1242 2282 1293 2331 ego

169 2350 345 2421 tnmapudse
358 2359 525 2406 menatenam
539 2353 645 2405 esaeait
658 2368 709 2421 ps-
752 2356 846 2421 apponi
859 2354 975 2417 iussero,
1002 2368 1085 2419 aequo
1096 2352 1181 2404 assium
1192 2352 1292 2417 accipe.

168 2434 232 2491 talla
254 2436 375 2501 noum,
398 2438 516 2490 modiane
533 2436 649 2501 formae,
680 2442 712 2489 ut
793 2452 817 2488 s.
836 2439 861 2490 7.
891 2438 1045 2490 iamdudum
1065 2437 1197 2505 splendeta
1224 2434 1294 2488 buna

168 2535 239 2587 supr.
255 2518 307 2573 0d.
320 2520 344 2585 1,
362 2520 407 2588 2⁰,
421 2524 445 2577 1„
463 2522 560 2575 unffi
580 2522 710 2576 amburi.
750 2537 851 2575 versum
875 2524 931 2577 Fen
956 2522 1031 2575 auius
1051 2522 1108 2574 libri
1134 2522 1294 2573 auctoritate

71 2644 75 2661 .
172 2631 209 2643 -
227 2604 302 2657 unas
321 2620 369 2673 pro
385 2606 498 2672 vulgari:
520 2624 643 2672 aestuata
666 2610 710 2674 qui
751 2614 812 2661 aute
838 2624 941 2661 versum
969 2606 1168 2675 praecedentem
1196 2606 1293 2673 posuit,

96 2746 104 2762 ,
168 2689 254 2743 elbum
267 2690 379 2756 aliquem
393 2691 441 2744 sabi
455 2692 585 2761 ioqratusu
603 2708 710 2745 aversa·
751 2690 821 2759 qnod
844 2692 1007 2745 commodans
1034 2693 1221 2746 sententiarum
1244 2706 1292 2743 ne·

150 2780 226 2839 itur,
248 2775 272 2827 is
294 2776 383 2827 looose
412 2792 472 2829 essm
491 2777 583 2830 dasem
606 2778 709 2831 dieitur.
750 2792 812 2830 uuus
827 2780 906 2847 plane
922 2778 1019 2830 turbat.

172 2886 208 2897 -
230 2860 287 2913 slus
303 2876 394 2925 ossae,
417 2862 527 2914 cuiusvis
541 2863 652 2929 generis.
669 2890 706 2901 ·-
792 2878 816 2915 v.
829 2864 854 2917 8.
877 2864 955 2917 Mitte
974 2864 1041 2914 teau
1061 2876 1132 2929 spes,
1153 2875 1239 2915 rerum
1254 2860 1293 2912 le-

167 2945 292 3012 biaprasso
308 2946 371 3011 sole,
393 2947 499 3003 soleat
515 2963 637 3000 oceasum
649 2962 709 2999 ser-
749 2947 817 3001 sium
835 2954 862 3001 et
875 2962 1013 3011 ranarum3
1036 2947 1151 3013 respexit
1167 2946 1293 2997 Horatius
1342 2996 1346 3003 ,

164 3035 260 3095 geute,
281 3036 397 3083 ostreum
419 3032 471 3084 diei
490 3039 574 3100 parte.
590 3060 627 3075 ·-
650 3049 708 3087 sss-
749 3032 863 3101 aliquid,
890 3034 959 3101 quod
983 3032 1126 3094 nescimua3
1152 3030 1216 3081 aluit
1238 3028 1292 3082 lor-

164 3114 243 3180 sets,
264 3116 394 3181 opperiar.
751 3124 821 3171 tasse
837 3118 984 3184 Torquatus
999 3132 1071 3185 apem
1088 3116 1213 3167 bonorum
1234 3116 1291 3165 aali-

207 3214 231 3252 v.
245 3194 271 3251 l.
294 3202 386 3253 itamar
400 3204 498 3266 Tauro,
516 3202 571 3254 aeil.
587 3200 709 3265 eonsulea
750 3202 938 3269 piscendorum.
956 3230 992 3240 -
1017 3202 1159 3253 eunomius
1180 3200 1292 3252 disiun-

130 3348 133 3352 ¹
165 3284 399 3339 iucid'useeuudus
420 3288 567 3342 oonsulstus
587 3286 669 3339 Tauri
682 3289 709 3339 in
750 3304 817 3351 sum
831 3288 945 3341 breviter
960 3295 987 3339 et
1002 3290 1137 3353 eleganter
1150 3301 1212 3351 pro:
1233 3292 1291 3336 stu-

164 3384 259 3421 anuum
280 3370 310 3425 V.
332 3372 362 3423 C.
385 3372 462 3438 727„
485 3372 554 3425 uude
578 3372 710 3425 lleattes‘ua
751 3372 804 3437 dia,
822 3372 913 3439 quibua
928 3374 953 3425 iu
968 3374 1111 3424 divitiarum
1126 3370 1292 3436 possessione

165 3455 305 3533 temporis,
326 3449 382 3522 quo¹
399 3456 466 3511 lsaee
487 3459 596 3524 epistola
610 3458 709 3525 scripta
750 3458 816 3511 busto
837 3466 914 3527 utque
934 3458 999 3510 aas
1028 3456 1070 3523 (ut
1092 3442 1203 3519 loqiitur
1224 3454 1289 3505 llos.

165 3538 209 3601 sit,
223 3539 435 3607 reteneamus,
451 3543 549 3596 dietum
565 3543 650 3594 sisium
660 3558 708 3595 seu
750 3558 820 3610 supr.
835 3543 891 3597 Sat.
904 3544 928 3607 l,
948 3542 971 3607 l,
989 3540 1061 3608 119.)
1086 3556 1209 3605 superare
1230 3552 1289 3590 eer-

163 3622 245 3675 lerma
259 3626 299 3677 sel
311 3633 414 3692 septesu
432 3644 559 3681 asnorum
574 3626 653 3679 luisse
667 3627 706 3679 et‘-
750 3636 808 3691 tas,
834 3629 887 3680 aisa
909 3628 1000 3693 quibus
1024 3626 1079 3677 dies
1092 3630 1233 3689 noctesque
1248 3623 1291 3674 di·

163 3708 227 3761 bait.
245 3735 281 3748 -
298 3710 407 3778 diffusis,
421 3714 516 3779 viuum,
536 3713 605 3778 quod
619 3730 634 3765 e
649 3728 706 3765 naa-
749 3714 816 3765 vitiis
837 3712 986 3778 colligendis
1007 3716 1084 3775 atque
1103 3708 1229 3775 augendis
1249 3708 1290 3761 iu·
1331 3758 1334 3763 .

163 3792 212 3845 loti
226 3809 288 3846 vaae
302 3797 327 3849 is
343 3798 417 3863 plura
432 3800 532 3851 mitiora
545 3797 704 3851 transfundi·
747 3798 826 3852 sudas
839 3804 917 3863 atque
934 3796 1057 3861 insigilas.
1267 3852 1269 3855 ¹

162 3882 215 3943 tttr,
237 3878 362 3947 myndi,
385 3884 454 3949 quod
468 3900 530 3936 vero
543 3900 578 3935 eu
590 3883 660 3934 dolio
677 3884 704 3935 in
790 3898 812 3935 v.
826 3882 851 3933 9.
873 3882 1017 3935 Etlllostlss'
1031 3895 1144 3943 suasum,
1158 3892 1195 3930 ae.
1212 3872 1295 3944 quam'

163 3961 302 4027 ampliores
317 3969 509 4031 transmittitur,
538 3969 648 4034 wurdt
663 3968 704 4021 di·
747 3966 933 4020 defendendam
950 3966 1098 4031 suscepistiq
1115 3962 1291 4027 -llloaelsaa,

163 4045 237 4101 ciliis.
748 4060 775 4105 ut
793 4053 873 4103 tradit
893 4058 964 4104 seius
983 4050 1160 4111 Scltoliastes,
1187 4048 1290 4113 Pergu-

205 4146 228 4182 ν.
242 4130 267 4184 5.
291 4134 447 4201 Misstumns,
465 4141 642 4191 Auruncorum
657 4155 706 4205 op-
750 4152 839 4190 userius
853 4130 941 4188 rlsetor
952 4134 1115 4196 etur-issimus,
1134 4146 1192 4184 eum
1210 4149 1290 4184 reue-

165 4214 253 4279 piduau
271 4220 305 4269 ad
330 4222 393 4273 basaa
413 4223 484 4275 Latii
504 4231 532 4275 et
547 4224 707 4290 Campaniae
749 4222 800 4277 licii
817 4226 953 4273 aecusatoi
972 4227 1055 4284 esset,
1078 4224 1218 4284 patronos,
1246 4218 1291 4285 qui

163 4298 257 4363 'illini
281 4330 316 4342 -
336 4307 475 4371 Petrinum,
500 4311 583 4361 situas
600 4309 625 4361 ia
642 4325 707 4377 agro
750 4310 805 4361 eins
817 4322 921 4361 moesus
937 4306 1067 4368 dicerent,
1086 4304 1248 4369 Torquatum
1264 4310 1292 4355 et

163 4380 339 4451 Sinuessano,
358 4391 517 4460 Campaniae
531 4394 649 4447 uicinum.
751 4393 864 4446 asiniuus
888 4392 1031 4445 Pollionem
1058 4394 1150 4442 nactus
1178 4396 1226 4440 est.
1250 4416 1288 4427 α-
