2800 4909
369 296 678 398 sarrnauviu'
702 313 907 415 urana
1136 343 1198 407 121

86 490 245 560 Haeredes
263 485 401 558 Staberi
419 509 583 566 summam
600 485 751 556 incidere
772 488 947 580 sepulcro:

86 595 126 663 Ni
147 593 191 664 sio
212 593 386 678 fecissent,
418 591 645 686 gladiatorum
668 589 752 660 dare
774 601 909 660 centum
1020 586 1024 596 ’
1149 595 1201 670 85

86 696 228 765 Damuati
253 695 390 787 populo
411 693 526 786 paria,
553 705 654 784 atque
680 693 841 790 epulum,
865 695 1003 763 arbitrio
1028 693 1116 786 Arri,

87 799 246 869 Frumenti
269 809 432 888 quantum
454 797 550 868 metit
569 799 697 868 Africa.
749 795 830 866 Sive
852 817 921 890 ego
946 821 1065 891 prave,

85 902 146 971 Seu
168 911 260 972 reete
283 902 356 972 boe
377 902 484 982 volui3
508 923 552 969 ne
573 896 779 992 sis'patruus
800 900 894 971 mihi.
948 899 1064 971 Credo

86 1006 156 1076 lloo
176 1004 309 1074 Staberi
336 1005 538 1098 prudentem
564 1006 712 1072 animum
729 1003 862 1072 vidisse.
912 1003 1008 1090 Quid
1034 1029 1132 1102 ergo⁸
1229 1025 1238 1050 ·

86 1109 201 1196 Sensit,
225 1129 305 1178 euru
329 1130 494 1177 summam
519 1107 700 1198 patrimoni
723 1107 922 1197 insculpere.
935 1131 1017 1178 saxo
1152 1108 1204 1182 90

85 1209 248 1280 Haeredes
272 1210 404 1279 voluit?
428 1208 555 1296 Quoad
579 1210 676 1294 vixit,
701 1209 847 1278 eredidit
868 1211 988 1302 ingena

86 1315 275 1408 Pauperiem
299 1315 433 1400 vitium,
460 1322 495 1382 et
518 1313 607 1384 cavit
630 1311 716 1388 nibil
738 1314 863 1394 aerius3
887 1323 943 1405 ut,
968 1315 996 1383 si

87 1417 178 1488 Forte
200 1417 310 1486 minus
335 1416 489 1508 locuples
514 1438 582 1486 uno
608 1416 796 1508 quadrante
819 1415 969 1507 perisset,

87 1521 153 1610 lpse
175 1520 346 1589 rideretur
371 1521 433 1588 eibi
458 1519 615 1610 nequiore
642 1521 751 1588 omnis
776 1521 866 1588 euim
889 1543 955 1607 res,

88 1624 204 1708 Virtus,
229 1623 341 1710 lama,
367 1623 489 1708 decus,
516 1623 628 1692 diviua
651 1621 867 1712 humanaque
891 1623 1048 1715 pulebsia
1150 1622 1203 1697 95

88 1725 199 1796 iliriu‘ie
222 1734 364 1818 parent3
388 1747 479 1815 quas-
496 1727 555 1816 qui
580 1726 817 1810 construxerit,
844 1725 903 1796 ille

89 1829 191 1900 Clarus
215 1832 302 1914 erit,
328 1829 442 1916 fortis,
468 1830 581 1900 iustus.
606 1869 659 1884 -
685 1829 896 1919 sapiensne?
919 1829 1050 1899 Etiam!
1075 1839 1110 1900 et
1132 1855 1202 1920 rex,

88 1931 125 2000 Et
149 1931 315 2023 quidqmd
340 1933 442 2003 volet.
493 1933 590 2018 Hoc,
615 1933 721 2001 veluti
745 1932 866 2000 virtute
889 1942 1057 2024 paratum,

89 2029 226 2126 Speravit
254 2057 400 2127 magnae
424 2033 517 2104 laudi
542 2037 627 2108 fore.
679 2033 772 2121 Quid
798 2035 983 2110 simile'isti

90 2137 223 2208 Graecus
252 2139 459 2230 Aristippus,
484 2139 544 2229 qui
568 2161 681 2208 servos
706 2139 874 2232 prolicere
897 2161 1018 2208 aurum
1128 2137 1205 2208 lou

90 2241 121 2307 ln
140 2241 247 2312 media
272 2241 367 2308 iussit
391 2241 517 2332 Libya,
543 2243 622 2332 quia
648 2243 776 2312 tardius
799 2245 886 2310 irent

90 2343 215 2436 Propter
240 2367 328 2412 onus
354 2343 497 2436 segnes?
522 2343 606 2416 Vter
631 2355 680 2414 est
704 2346 850 2414 insanior
875 2335 1026 2414 borum?

90 2533 137 2588 liter
147 2535 325 2605 disputarunt,
347 2534 540 2603 diligentissime
552 2534 620 2590 indi·
662 2536 709 2589 dea
728 2537 756 2590 in
776 2542 934 2590 testamento
966 2549 1055 2588 earum
1081 2551 1205 2590 summm

91 2622 145 2672 sarit
164 2622 207 2674 l‘ir
224 2622 402 2677 Doctiaaimua
430 2621 554 2686 Krateia·
586 2618 620 2673 ad
660 2619 799 2690 sepulchro
823 2621 987 2676 incidendam
1010 2637 1102 2672 curare
1123 2621 1206 2687 iussit,

90 2703 169 2758 Sciret
177 2706 275 2760 blureti
292 2707 377 2776 Epist
392 2713 419 2758 et
434 2705 509 2758 Orat.
523 2704 620 2773 aaut.
661 2705 711 2759 bac
724 2707 828 2759 adiecta
843 2707 1006 2772 conditione,
1027 2712 1066 2770 ut,
1088 2706 1136 2758 nisi
1155 2705 1206 2758 boe

91 2804 154 2857 reque
164 2791 197 2843 ad
216 2809 280 2860 pag.
299 2791 360 2844 ³13.
398 2791 454 2846 Nee
476 2797 564 2842 tamen
583 2789 620 2841 illi
661 2793 751 2856 tieret,
765 2791 891 2846 haeredes
906 2789 974 2845 Arrii
986 2789 1135 2869 cpiosdam,
1158 2789 1206 2843 bo-

91 2873 242 2941 letatione,
262 2891 302 2928 ex
325 2891 377 2942 qua
399 2881 459 2945 poat
478 2875 551 2928 baud
566 2875 619 2927 acio
661 2878 739 2932 minis
751 2877 893 2942 luxuriosi,
917 2877 1023 2928 arbitrio
1042 2882 1146 2928 eentum
1157 2893 1206 2943 pa·

30 2985 31 2992 1
91 2960 207 3013 relaeaea'o
227 2969 277 3014 aut
300 2961 503 3028 simpliciterne
522 2965 568 3012 aut
586 2977 622 3013 aar
661 2963 702 3016 ria
714 2964 897 3029 gladiatorum,
919 2963 1021 3030 epulum
1033 2967 1060 3012 et
1074 2962 1206 3028 ingentem

91 3059 130 3094 aaa
144 3045 328 3099 subiiciendum
347 3047 398 3110 ait,
419 3047 483 3097 satia
502 3046 570 3098 iuter
592 3060 622 3097 ae
661 3046 783 3102 frumeuti
802 3048 903 3115 copiam
923 3047 1020 3114 populo
1042 3043 1105 3097 dare
1133 3051 1207 3099 tene-

91 3131 284 3184 tourentiuut-
296 3131 377 3196 ratio,
390 3131 515 3196 gravioria
531 3131 624 3194 morbi,
664 3139 762 3186 rentur.
789 3131 901 3185 Suavior
920 3133 950 3184 fit
972 3130 1039 3182 haee
1058 3132 1206 3182 narratiun-

91 3218 206 3276 quoarari
224 3218 368 3280 laborant,
389 3216 563 3267 seientiaaire
578 3230 624 3266 co-
665 3217 724 3270 cula
738 3218 818 3286 ipsius
846 3217 952 3270 Staberi
970 3215 1124 3282 interposito
1150 3231 1206 3268 aer-

91 3298 162 3362 mitie.
190 3301 348 3370 Anticyram
363 3315 479 3365 mern,
500 3298 621 3366 quicquid
663 3317 748 3356 moue.

91 3379 232 3440 helleboriiu
248 3393 313 3440 tota
332 3386 415 3438 ianua
429 3386 552 3454 Autieyn
572 3399 621 3439 ua·
704 3403 729 3440 v.
743 3381 786 3440 84.
808 3401 941 3449 nmmum,
956 3383 1011 3436 scil.
1029 3381 1206 3439 baereditatis.

92 3467 162 3522 tritor.
706 3488 732 3524 v.
749 3471 790 3524 86.
812 3469 955 3534 uannatt,
978 3469 1105 3523 obatrIeti.
1142 3468 1208 3524 Arri

123 3567 143 3604 r.
157 3551 295 3609 tlt-102.
316 3555 374 3608 lam
387 3554 561 3623 Damasippus
578 3555 620 3608 iu·
668 3583 705 3595 -
721 3557 827 3621 Arrius,
858 3553 936 3608 homo
964 3554 1126 3621 luxuriosus,
1154 3556 1208 3608 rire

92 3637 172 3690 uuum
183 3656 286 3706 eorum,
309 3641 356 3706 qui
369 3641 396 3693 iu
410 3654 561 3706 magnarum
578 3640 620 3692 di-
665 3656 731 3694 unua
754 3655 786 3694 ex
807 3639 908 3693 duobua
931 3640 1070 3706 fratribus,
1099 3629 1220 3708 quorum‘

93 3719 191 3778 tiliarum
223 3725 392 3793 poaaeaeiena
424 3731 451 3776 et
481 3724 620 3793 splendore
659 3726 758 3780 mentio
785 3725 937 3779 otiosae.
959 3721 1021 3791 243,
1045 3721 1106 3780 'aire
1132 3731 1208 3794 pater
1247 3727 1253 3737 ’

93 3819 195 3862 trunam
215 3810 372 3865 felicitatem
396 3815 512 3877 ponunt,
534 3809 619 3862 divitia
662 3813 696 3870 Q.
714 3812 814 3865 Arrius.

94 3889 204 3947 uiuum
226 3895 334 3949 Staberi
363 3896 482 3964 exemplo
509 3896 619 3963 probat;
704 3912 728 3947 v.
743 3895 785 3949 87.
801 3899 927 3962 serenent.
951 3899 1039 3964 queat
1062 3900 1121 3947 met.
1146 3896 1209 3961 Asa.

94 3975 125 4026 wi
138 3981 236 4046 opponit
249 3981 425 4049 Aristippum,
440 3995 516 4047 quem
530 3984 560 4031 ut
572 3979 620 4032 bo-
663 3997 734 4048 aupr.
750 3981 802 4033 Od.
815 3981 837 4043 l,
853 3984 877 4047 1,
894 3982 935 4032 10.
958 3979 1091 4053 Quidquid
1105 3979 1138 4032 de
1154 3981 1209 4048 Ly-

94 4059 206 4117 meniu
220 4067 350 4134 pecuniae
365 4071 498 4118 contemtu
515 4065 621 4118 nimium
663 4065 727 4118 licia
757 4067 872 4119 verritur
900 4065 979 4118 arcia.
1002 4092 1039 4103 -
1064 4065 1126 4118 Sine
1157 4083 1209 4136 ego

94 4145 173 4206 liutet
184 4149 217 4202 ad
228 4151 384 4220 insipientes
399 4149 487 4204 refert.
507 4178 543 4189 -
558 4151 620 4202 Sta·
661 4167 746 4221 prave
761 4157 840 4217 cett,
863 4149 915 4203 hoc
937 4167 987 4218 ego
1008 4151 1061 4202 sire
1074 4152 1141 4202 male
1156 4151 1210 4202 sire

94 4225 155 4280 betur
173 4235 285 4302 rer'lieet,
317 4243 347 4288 ut
364 4237 526 4301 divitiarum,
557 4249 622 4302 quaa
664 4239 732 4290 bene
757 4237 842 4300 volui,
863 4251 897 4289 ne
917 4236 953 4288 aia
973 4234 1050 4288 huius
1072 4237 1210 4287 voluntatis

95 4317 186 4369 uenus
196 4315 346 4387 reliquerat,
367 4321 520 4387 maguitudo
538 4319 621 4374 bomi-
665 4339 739 4376 meae
764 4338 868 4374 severus
897 4317 998 4374 c‘eneor.
1019 4349 1055 4359 -
1082 4321 1210 4386 Loquitur

95 4409 143 4454 lun
154 4407 310 4460 monibus
325 4407 513 4475 celebraretur,
529 4406 622 4464 haere·
665 4425 759 4478 nempe
773 4409 830 4478 ipse
843 4407 979 4472 subeam,
994 4407 1043 4460 aed
1059 4405 1151 4470 verba,
1167 4404 1211 4471 qni

1075 4576 1080 4614 l
