2800 4909
403 336 657 402 srrsrous
683 338 745 404 so
771 339 991 408 rrsomcs.
1029 319 1046 378 l
1196 351 1284 416 m-

130 489 286 562 Perfidus
311 492 422 582 Ixion,
448 495 488 563 lo
515 511 619 588 vaga,
645 497 744 566 tristis
768 497 915 570 Orestes.
1021 499 1025 508 '

102 605 111 632 ¹
131 597 170 666 Si
194 596 279 685 quid
303 596 515 687 inexpertum
540 621 660 669 scenae
685 603 883 687 committis,
908 613 944 673 et
967 604 1073 676 sudes
1183 602 1261 678 125

131 701 316 770 Personam
340 701 488 771 formare
513 723 664 796 uoremz,
678 714 828 774 serretur
851 706 896 774 ad
920 707 1044 794 ἱιιιιιιιι,

132 805 251 890 Qualis
276 805 320 872 ab
345 805 482 894 incepto
508 807 726 895 processerit,
752 817 787 883 et
810 809 875 878 sibi
898 820 1039 879 constet.

131 907 283 978 Difficile
309 917 374 992 est,
400 910 541 1000 proprie
564 910 757 978 communia
781 909 913 996 dicere,
937 923 1044 1003 tuque
1133 931 1138 940 ’

130 1013 269 1083 Rectius
293 1011 435 1081 iliacum
461 1035 596 1106 capmen
620 1013 752 1083 diducis
777 1015 812 1082 in
836 1024 947 1101 aetus,

132 1118 245 1203 Quam
271 1117 298 1183 si
321 1115 492 1205 proferres
515 1115 633 1207 ignota
662 1116 855 1208 indictaque
878 1121 1016 1211 pomus.
1184 1116 1261 1188 18⁰

131 1221 276 1290 Publice
300 1219 455 1286 materies
480 1219 601 1308 privati
624 1220 704 1288 iuris
728 1221 806 1306 erit,
832 1221 861 1288 si

131 1325 207 1393 Nec
232 1323 322 1393 circa
345 1323 449 1390 vilem
474 1323 694 1423 patulumque
720 1323 905 1392 moraberis
932 1323 1070 1406 orbem

132 1428 207 1497 Neo
230 1426 370 1494 verbum
394 1425 499 1492 verbo
526 1427 655 1494 curabis
679 1426 825 1496 reddere
848 1426 938 1495 lidus

130 1531 317 1635 Interpres;
341 1548 405 1596 nec
431 1527 563 1596 desilies
588 1529 768 1597 imitator
759 1551 793 1597 m
818 1539 965 1625 arctum,

129 1631 234 1704 Vnde
257 1618 385 1725 pedem
414 1631 567 1720 proferre
591 1631 706 1725 pudor
730 1642 822 1703 vetet
846 1642 905 1708 aut
927 1631 1039 1726 operis
1061 1633 1128 1706 lex.
1180 1623 1257 1698 135

8 1865 24 1886 ·
132 1857 202 1909 quae
217 1840 250 1894 de
263 1841 358 1894 misera
371 1845 443 1894 sorte
453 1840 575 1894 lacrum
582 1839 675 1894 lunde-
717 1841 826 1896 Homeri
845 1841 960 1894 cumina
980 1803 1062 1894 lliaeo
1082 1839 1169 1893 hauris
1180 1796 1238 1892 ⁸et
1230 1837 1258 1892 iu

133 1928 196 1991 bat,
220 1927 339 1981 emerito
350 1927 488 1980 scilicetne
503 1932 676 1994 persequente
717 1933 808 1995 partes
822 1927 889 1979 acite
907 1924 1022 2003 agendas
1036 1927 1158 1993 dispertis
1170 1929 1198 1976 et
1209 1924 1259 1976 de-

134 2027 235 2079 pressa.
654 2059 656 2062 .
716 2013 825 2075 scribier
861 2011 1014 2074 lectionem,
1042 2027 1060 2063 a
1078 2013 1134 2064 ch
1157 2007 1258 2062 exhibi-

176 2113 201 2148 v.
215 2090 276 2150 224.
299 2096 390 2162 leion,
410 2094 673 2161 releressaliae,-
717 2104 790 2163 tam,
811 2096 914 2150 diducis
925 2096 1024 2160 vulgari
1034 2096 1138 2148 lectioni
1152 2093 1259 2148 deducis

134 2183 269 2249 Perfidus,
290 2183 459 2234 olriucestum
474 2182 676 2248 ergalououem
718 2183 848 2250 praetuli;
883 2181 1006 2234 diducere
1029 2181 1097 2233 euim
1122 2182 1258 2246 eleganter

132 2282 267 2331 amorem,
296 2281 371 2332 quem
395 2267 462 2320 loris
485 2267 590 2320 conviva
610 2268 676 2320 adeo
719 2268 816 2320 dieimr
837 2265 872 2320 de
893 2265 1024 2329 tontibus,
1052 2265 1175 2331 equibus
1190 2277 1259 2330 aqua

133 2354 265 2406 exsatiare
288 2352 416 2418 cupiebat.
432 2379 474 2402 .-
505 2353 552 2416 lo,
587 2351 677 2406 luuelri
718 2352 850 2416 dimanat,
875 2356 904 2404 et
920 2350 947 2403 iu
970 2350 1087 2403 dicmur
1103 2351 1199 2402 rirulos
1214 2348 1259 2402 dt-

133 2439 204 2501 ιιιιι,
231 2451 289 2490 cum
305 2425 398 2490 trove
411 2438 521 2490 eoem
538 2443 567 2490 et
580 2436 676 2502 oerum,
718 2439 830 2492 adeor.
878 2442 882 2452 ·

132 2539 186 2589 quo
196 2523 260 2574 luno
270 2537 329 2576 eam
342 2527 371 2574 ut
384 2521 452 2574 lovis
465 2523 583 2591 pellicem
596 2538 675 2576 vexa·
760 2539 787 2576 r.
802 2521 850 2574 131
861 2518 967 2574 -135.
993 2520 1101 2574 Pollice
1113 2525 1175 2572 orat
1187 2519 1258 2587 pria.

132 2609 218 2660 batet
231 2605 350 2660 hucilloc
358 2608 485 2672 agitabat,
499 2612 677 2662 mutataessct
717 2608 769 2662 ier.
792 2606 857 2671 erit,
891 2606 1042 2670 materiem,
1069 2607 1123 2658 iam
1145 2604 1179 2657 ab
1200 2604 1257 2657 aliis

132 2693 300 2756 inversam,
326 2697 390 2758 post
408 2693 505 2744 multos
526 2684 674 2748 errores'ia
716 2693 873 2761 publicatam
885 2697 913 2743 et
924 2692 950 2742 io
963 2690 1048 2742 medio
1060 2690 1170 2757 positam
1181 2696 1259 2757 pote-
1295 2740 1298 2745 .

132 2779 281 2844 Aegyptum
292 2777 401 2842 secuse,
416 2777 674 2844 Osiridiibinupsis·
716 2779 753 2831 ris
766 2778 811 2830 tibi
827 2777 958 2844 propriam
970 2775 1072 2840 lacere,
1101 2780 1129 2826 et
1143 2775 1169 2826 iu
1183 2790 1257 2827 usum

131 2877 181 2927 ae,
211 2869 239 2914 et
262 2855 322 2930 poit
342 2867 453 2914 mortem
467 2863 517 2915 lais
530 2861 601 2915 laeta
617 2871 693 2916 esse'
716 2863 844 2931 privatum
867 2866 1037 2925 convertere,
1063 2859 1087 2912 si
1110 2874 1194 2926 aeque
1212 2874 1256 2912 re-

131 2948 161 3000 la
174 2947 267 3000 tabulis
280 2946 406 3010 traditur3
428 2945 674 3016 lriucillaeogo.-
716 2948 765 3001 bus
788 2947 857 3005 tritis
875 2950 903 2998 et
921 2946 1069 3012 vulgaribus
1091 2943 1181 3012 putide
1206 2945 1256 2996 im-

132 3033 201 3086 trr'rt.
225 3034 285 3096 0r.‚
322 3031 446 3096 Orestes,
473 3032 674 3098 Agamemnonis
717 3031 870 3094 moraberis,
889 3045 982 3096 oeque,
1004 3030 1080 3082 sicuti
1094 3029 1256 3082 tidusinter-

133 3123 162 3170 et
170 3118 392 3182 Clytaemestrae
400 3118 480 3181 tilius,
501 3132 577 3182 quem
585 3115 675 3170 matris
716 3131 795 3184 pres,
816 3115 1030 3182 (comparationis
1042 3113 1255 3181 particutautad

131 3203 260 3269 sauguirm
286 3203 412 3270 pollutum
434 3201 531 3255 Furiae
561 3203 675 3268 agitasse
716 3203 785 3268 fidus
800 3202 926 3268 interpres
941 3200 1036 3253 omissa
1052 3205 1108 3262 est;
1127 3198 1255 3267 ridsupr.

132 3287 271 3352 dicmur,
293 3287 361 3340 tristi
372 3293 399 3340 ct
412 3286 674 3340 miserandeiureutis
717 3286 751 3339 ad
764 3286 849 3352 Epist.
864 3286 893 3350 I,
917 3285 950 3349 2,
978 3279 1036 3350 42.)
1055 3284 1161 3337 verbum
1177 3283 1256 3360 verbo

131 3373 222 3440 spacia
244 3373 272 3425 ia
294 3371 435 3438 tragoediis
459 3371 561 3440 (Eurip.
575 3372 673 3438 Oreat„
717 3371 829 3425 reddere
851 3369 969 3433 curabis,
996 3383 1082 3434 neque
1099 3367 1183 3420 servili
1197 3368 1256 3422 imi-

132 3455 257 3525 Soplrocl
272 3457 385 3524 Electr.)
400 3457 506 3510 sistitur.
717 3457 817 3510 tatione
828 3460 856 3508 tc
871 3454 1040 3523 praecipitem
1055 3453 1129 3506 dabis
1143 3453 1171 3506 iu
1185 3453 1255 3504 eius-

175 3558 200 3595 r.
215 3542 274 3596 128.
285 3541 343 3594 129.
362 3542 516 3607 mummia,
529 3557 673 3608 quaeror-
715 3541 787 3596 modi
801 3541 944 3606 mgmtias,
965 3537 1124 3605 undepudor
1138 3544 1166 3590 et
1179 3539 1255 3590 aber-

129 3625 196 3680 dm
208 3632 323 3680 tractata
338 3627 476 3694 uuicuique
491 3628 629 3681 tractanda
643 3643 673 3680 se
715 3627 886 3690 ratioabiis,
908 3639 975 3691 quae
988 3624 1256 3690 boso-scripturiret-
1313 3676 1315 3678 .

131 3711 261 3776 offerunt,
283 3712 673 3778 quaetanquamiuloeocom-
715 3711 801 3766 reuda
815 3717 891 3775 suut,
909 3709 1003 3777 pedem
1017 3708 1140 3776 expedire
1154 3713 1181 3761 te
1193 3723 1256 3776 pro-

130 3797 204 3850 moui
217 3796 303 3863 palam
318 3798 451 3864 proposita
466 3813 484 3849 a
499 3798 614 3864 quolibet
627 3814 675 3865 pro
715 3796 811 3852 lubeat.

128 3881 215 3934 lubitu
235 3882 333 3949 capiet
348 3883 403 3934 tolli
416 3889 589 3950 possuuts—
610 3899 674 3952 pro-
759 3880 852 3935 v..1³2
864 3835 1160 3946 Peraitemetpotuiura
1168 3878 1256 3932 orden

129 3967 193 4035 pris
205 3967 307 4032 dicere,
324 3967 446 4036 propria,
474 3981 541 4020 nova
554 3975 582 4022 et
593 3983 674 4036 pecu-
716 3968 851 4034 elegauter
859 3966 1168 4033 exprimltmlatepatena
1176 3980 1255 4031 gyrus

126 4051 189 4106 lieri
203 4057 260 4105 arte
269 4067 415 4120 exponeret
432 4049 538 4119 pulchre
549 4053 671 4107 Vossiurr
714 4055 755 4106 rel
769 4053 897 4119 spatium,
923 4051 951 4103 in
976 4064 1028 4116 quo
1048 4050 1140 4117 aliquis
1152 4066 1185 4103 ex
1197 4050 1255 4102 silis

129 4137 234 4190 Salrroer
246 4135 317 4201 irt’r,
338 4137 430 4206 eigeae
444 4139 598 4191 Weaeaoor
611 4140 670 4192 Att-
712 4138 750 4191 rei
771 4137 856 4190 studio
877 4136 929 4190 huc
949 4135 1012 4187 illue
1025 4133 1148 4187 discurrit
1162 4140 1190 4188 et
1202 4134 1253 4186 cir·

129 4223 275 4292 geareiaem
289 4239 324 4274 su
338 4223 433 4277 titdeu.
446 4250 483 4261 -
506 4225 668 4292 tcpaelleet.
712 4212 1110 4290 cumagitur(eduoeaorra'e);
1124 4235 1187 4272 noaz
1209 4219 1253 4272 eirr

128 4307 206 4361 Itius.
225 4325 248 4362 e.
269 4309 325 4362 did
348 4309 377 4361 r'rr
390 4315 454 4372 eet,
481 4309 578 4361 rectius
590 4323 669 4375 argu·
710 4307 890 4375 Gemiopiets

128 4393 667 4451 umuiamaracutaabuiue.c.ex
757 4387 930 4470 emtus
955 4388 1114 4454 barm,
1141 4385 1250 4441 acillo-
