2800 4909
399 332 764 414 urrsuonn'rt'vlr
779 343 872 410 nto.
893 347 928 424 n,
950 354 981 415 1.
1043 386 1046 390 ι
1189 357 1252 420 rur

112 503 205 575 Non
222 499 346 575 eadem
366 511 418 572 ert
439 511 547 590 reba,
567 518 637 574 uun
652 525 759 578 mona.
807 504 987 593 venun,
1010 507 1109 578 r'rmiu

117 607 289 678 Herculis
311 607 357 676 ad
382 617 514 699 postem
538 609 628 696 fixis,
648 611 734 680 latet
751 609 885 679 obdito
905 629 1005 704 agro,
1226 607 1254 681 b

117 712 181 782 Ne
200 711 373 804 pupulum
399 721 548 810 entrema
565 715 665 783 toties
686 722 809 782 uolet
827 737 956 784 urrunnu.¹

119 816 190 885 Eut
211 815 315 900 mihi,
338 817 519 907 purgatam
540 819 662 887 erebro
682 818 744 908 qui
763 828 926 910 personet
942 835 1081 888 meunt

118 919 234 990 Solve
255 924 483 989 emanantem
501 931 633 990 mature
655 941 753 990 rauna
776 942 920 1010 equum,
936 943 984 990 ne

119 1024 255 1093 Peoeet
273 1022 318 1090 ad
338 1033 523 1092 extremum
544 1023 731 1110 ridendus,¹
750 1033 786 1093 ot
802 1025 860 1092 ilia
883 1023 997 1095 duent.

120 1129 228 1198 Nunc
247 1127 362 1216 itaque
383 1135 419 1196 et
438 1147 551 1199 rorans
574 1137 608 1196 et
626 1139 740 1198 uetera
758 1127 891 1199 ludicro
909 1148 1022 1220 ponor
1107 1131 1111 1138 “
1202 1121 1255 1195 lu

122 1356 272 1424 upedntan,
296 1355 356 1406 erim
374 1365 418 1405 aru
443 1337 472 1406 et
488 1351 620 1420 ingenium
636 1353 664 1408 iu
705 1351 763 1408 uati
777 1364 826 1422 pro
840 1352 923 1408 lubitu
941 1361 1021 1423 porto
1035 1343 1186 1414 intererat
1200 1361 1253 1417 pn-

123 1439 347 1494 eiuaenrminibur
356 1439 528 1506 cognoscitur.
538 1457 666 1510 -puoe-
707 1439 766 1506 guia
780 1438 950 1505 gladiatorllu.
979 1439 1014 1491 lli
1031 1437 1112 1513 igitar
1123 1451 1176 1489 non
1191 1440 1253 1489 lan-

123 1527 165 1578 ria
178 1527 273 1578 iterum
287 1525 443 1593 antiquetur
455 1525 586 1578 includere
593 1525 666 1592 ludu,
704 1529 764 1576 turn
782 1523 844 1577 riuti
862 1525 932 1578 ritae
952 1523 1073 1586 remam,
1091 1521 1139 1574 red
1162 1521 1252 1586 wara,

122 1611 258 1663 loeutioue
271 1609 418 1674 gladiatori,
435 1611 476 1662 cul
492 1609 617 1663 Horatius
637 1625 667 1662 ue
703 1609 770 1662 'dum
784 1610 813 1662 iu
829 1623 935 1663 trenam
947 1607 1155 1671 descendebant,
1174 1605 1250 1658 iaro-

122 1697 289 1762 aequlparat,
303 1694 498 1746 accommodata
511 1709 572 1763 pror
595 1695 669 1762 rapio
704 1694 765 1747 'rem
786 1697 875 1762 populi
891 1695 943 1748 ribi
963 1693 1105 1762 erpetilroe
1122 1692 1252 1745 ridentur.

122 1796 167 1834 me
188 1781 314 1847 repellere
338 1778 373 1831 ad
396 1795 520 1847 poeaeoa,
546 1781 587 1833 oui
603 1783 666 1833 olim
707 1779 955 1850 Hinelllepoputan
963 1787 1250 1840 eettertrenruurenn,

122 1881 231 1932 operam
246 1863 316 1928 dedi,
328 1866 489 1930 exercitium,
499 1881 609 1918 revocas
623 1881 665 1918 me
705 1870 826 1918 extrem
843 1871 921 1933 parte
933 1865 974 1917 vel
987 1881 1035 1918 orn
1045 1865 1112 1928 luel,
1126 1863 1173 1915 ubi
1191 1863 1250 1930 gla-

122 1951 159 2003 ad
180 1949 318 2002 scribenda
341 1949 471 2014 earmina3
508 1950 666 2017 gladiatores
707 1948 823 2002 diatorea
841 1952 1008 2018 pugnabant,
1028 1961 1173 2018 urenoepru
1189 1950 1250 2000 luae

121 2035 276 2104 pugnabant
288 2035 314 2087 in
324 2034 395 2102 ludo,
405 2051 479 2088 muro
493 2037 532 2089 rel
544 2036 667 2089 cancellis
707 2051 789 2088 uena
801 2041 874 2089 teuto
883 2037 925 2089 rel
938 2048 1098 2103 oonrporro.¹

121 2121 232 2174 incluso.
274 2119 418 2172 Poatlodo
437 2123 512 2188 posui
529 2135 587 2174 unm
609 2123 666 2175 Fau
750 2121 883 2175 v.7-9.
911 2118 1041 2174 nlrtrrtlii
1059 2123 1124 2173 cern
1157 2115 1249 2170 flam

121 2207 225 2272 riguum
234 2205 459 2272 interrogationior
473 2207 512 2258 aiu
523 2213 664 2260 teneora-
707 2206 735 2258 et
747 2220 853 2258 aenanur
874 2207 912 2260 Vt
928 2217 978 2273 ego
991 2205 1105 2269 mm,
1120 2203 1195 2269 ‘qnod
1206 2202 1248 2254 ie·

122 2291 160 2342 tiu
170 2293 207 2342 nt
218 2291 335 2354 vividior,
350 2289 479 2358 habetque
492 2291 590 2366 aliquid
602 2307 664 2359 spe·
705 2292 744 2344 elt
758 2291 891 2357 Veirniua,
898 2291 1035 2346 nuudeeat
1049 2289 1111 2344 mibi
1126 2288 1250 2350 moritur,

121 2377 212 2428 eioaae
226 2376 442 2444 exprobrationis.
683 2437 687 2444 .
703 2377 805 2430 neilicet
830 2379 929 2430 animur
944 2388 1035 2442 meur,
1056 2389 1147 2428 aurem
1162 2389 1249 2425 meam

165 2456 301 2515 rat-6.
329 2477 415 2526 maor,
437 2459 562 2514 sentiendi
576 2461 662 2524 ratior
702 2463 797 2515 erebro
829 2461 869 2516 lulo
891 2464 1003 2531 implear
1035 2461 1155 2514 uocibus:
1186 2457 1277 2511 Tibi·

121 2547 203 2599 aliter·
212 2549 279 2600 enlm
294 2547 320 2599 ln
336 2547 448 2612 iuvenili,
463 2547 538 2598 aliter
550 2547 577 2598 lu
589 2545 662 2612 virili,
703 2547 852 2600 reuertenti
884 2549 1007 2616 'amplo
1040 2545 1076 2600 ait
1108 2555 1249 2598 uenenum

120 2633 198 2684 aliter
218 2633 245 2684 in
271 2632 345 2684 aenili
365 2637 454 2685 aetate
471 2632 603 2684 sentimur.
622 2658 659 2670 -
702 2645 795 2698 equor,
809 2633 862 2699 qui,
875 2633 925 2686 nini
938 2639 1041 2686 mature
1055 2644 1114 2685 eum
1127 2642 1204 2683 curru
1220 2635 1249 2682 et

121 2717 245 2770 ceterum
265 2715 308 2769 bio
326 2719 416 2782 locun,
442 2715 583 2769 Horatium
597 2721 661 2782 tum,
702 2717 835 2770 labonbua
850 2712 973 2784 roboria,
991 2706 1108 2786 turpiter
1121 2733 1151 2770 ae
1164 2715 1247 2780 dabit,

121 2819 181 2855 eum
195 2801 264 2855 banc
281 2801 417 2868 epistolam
434 2803 544 2869 primam
562 2801 661 2855 acriba-
703 2809 732 2855 et
745 2803 852 2869 spirituo
867 2802 987 2856 trahendi
1003 2802 1154 2856 durature
1171 2801 1247 2852 lubo-

120 2893 176 2953 ret,
204 2888 256 2939 iam
281 2893 369 2940 aetate
394 2893 545 2955 proveetum
570 2887 661 2953 fultae,
701 2888 1038 2958 rabit.-eotrnr'lti,pui,
1061 2883 1137 2940 turon
1150 2875 1245 2945 in·-

120 2979 211 3040 aperte
233 2973 327 3037 docet,
347 2973 409 3026 linet
430 2987 527 3037 annun,
552 2985 603 3038 quo
618 2973 663 3026 illa
700 2979 856 3044 purgatum,
872 2988 910 3028 ao.
920 2972 1011 3038 rorde,
1028 2971 1247 3040 etproindelne·

119 3060 219 3126 scripta
239 3060 289 3123 alt,
311 3063 384 3110 eerto
403 3059 527 3110 conatitrd
540 3063 660 3123 nequeat.
702 3059 753 3111 liua
767 3064 794 3111 et
809 3059 904 3111 clurino
918 3060 1084 3123 audientem,
1101 3057 1247 3125 elegrutlut

121 3172 159 3182 -
181 3143 322 3208 Veianius,
346 3143 426 3196 omnir
441 3148 503 3196 cett
538 3142 594 3196 lam
612 3155 661 3195 no-
701 3154 767 3211 pror
787 3157 930 3197 meamw-
944 3142 1245 3211 noremporronurolarn

117 3230 235 3282 minutim
260 3227 361 3281 inducit
383 3228 555 3295 gladiatorem
580 3227 662 3282 Veia·
703 3234 759 3281 eutr
780 3243 870 3282 amem
885 3229 1083 3295 ronb,roclbur
1099 3227 1245 3290 ularironia,

117 3314 198 3378 nium,
213 3315 266 3380 qui,
282 3319 419 3381 postquam
433 3321 491 3366 arte
505 3313 661 3379 gladiatoria
701 3313 825 3381 implere3
847 3315 886 3367 uie
908 3315 978 3382 apud
997 3311 1089 3380 virgil.
1110 3315 1176 3364 Aen.
1193 3307 1243 3375 tn,

103 3414 147 3452 ·re
161 3399 359 3462 nobilitaverat,
382 3405 472 3466 utper
486 3399 659 3466 reliquamri-
700 3391 764 3451 417.
803 3399 934 3452 cernetur
950 3405 1039 3469 regnu
1058 3397 1158 3451 tntrutu
1180 3411 1243 3463 pru·

117 3489 171 3536 tam
191 3499 299 3536 rucuma
316 3489 386 3536 erret
407 3483 440 3535 ab
461 3483 531 3536 omni
546 3483 586 3536 rei
600 3486 658 3550 gla-
699 3497 796 3536 norme
809 3483 912 3536 dieitur.
922 3513 959 3523 -
969 3491 1146 3547 reueweatenr,
1160 3483 1242 3534 m

117 3567 246 3622 diatoriae
262 3569 396 3635 periculo,
417 3585 481 3634 agro
497 3556 600 3620 abditur
616 3569 658 3644 la·¹
700 3569 775 3622 biaut
795 3576 932 3636 eomparnt
948 3569 1016 3623 Eun.
1037 3569 1146 3634 Fragm.
1172 3567 1243 3634 apnd

117 3655 205 3709 tuerit.
247 3653 293 3705 Ille
309 3653 388 3719 igitur
404 3668 476 3706 arma
490 3667 538 3706 uua
551 3655 578 3705 in
593 3651 658 3705 lori-
700 3654 756 3706 (lie.
779 3655 813 3706 de
835 3653 942 3708 Seneet
967 3671 990 3708 c.
1010 3652 1037 3708 5.
1071 3655 1144 3706 Siout
1158 3652 1243 3718 sorti·

116 3737 164 3792 buu
179 3740 268 3806 templi
281 3737 417 3803 Herculis,
428 3739 458 3791 iu
472 3740 545 3791 ruina
557 3739 657 3805 praeui-
699 3755 786 3807 equus,
800 3741 888 3807 rputio
901 3742 947 3810 pao·
957 3742 1156 3808 sorte'anpremo
1167 3737 1242 3791 'Vicit

116 3823 159 3876 dio
176 3831 253 3878 eraut
268 3824 437 3891 gladiatores,
455 3825 542 3876 duim
553 3823 657 3888 dieitur,
698 3825 836 3893 Olympio,
858 3843 926 3878 norro
944 3824 1017 3880 rento
1040 3822 1166 3892 uodsuelu'
1181 3823 1241 3893 μ’·

116 3911 152 3962 uti
177 3909 272 3964 milites
299 3915 360 3977 pout
383 3914 517 3976 peractam
538 3909 658 3962 militiam
698 3909 770 3962 uruit.
787 3925 825 3949 ·-·-
838 3926 932 3977 romo,
951 3911 1172 3980 prudentius-—
1189 3907 1241 3962 iliu

115 4009 186 4048 arma
213 4011 279 4058 sua,
322 4000 446 4061 tanquam
475 3985 657 4060 ἀναθήματα,
699 3995 794 4061 hrot,
813 3995 918 4049 anbelet
932 4004 960 4050 et
969 3997 1071 4051 lumbos
1082 3993 1173 4048 tralrat
1183 4009 1241 4048 ma·

114 4071 194 4133 Marti
202 4095 359 4136 consecrare
373 4069 500 4133 uolebant
520 4076 577 4132 lanu
587 4089 658 4145 reru,
700 4081 741 4134 ulo
755 4087 783 4133 et
795 4082 869 4134 uenio
883 4081 1025 4136 confertur.
1107 4091 1110 4097 ’
1241 4135 1249 4148 ,

114 4167 315 4230 mutatorio,
334 4165 425 4217 relicto
439 4163 517 4229 ludo,
537 4163 659 4218 rusticari
740 4179 765 4218 u.
781 4167 823 4219 to.
851 4161 927 4220 Nune
942 4169 1048 4237 ltupuo,
1064 4177 1135 4220 nunu
1149 4163 1240 4232 igitur,

112 4251 223 4317 licuerit,
236 4265 296 4305 eum
307 4252 360 4302 iarn
375 4249 440 4302 rude
455 4249 590 4314 donatum,
604 4249 658 4302 rire
698 4249 760 4304 dnm
773 4251 906 4317 mfflterl,
919 4255 1006 4307 nulmo
1019 4265 1087 4317 mee,
1101 4259 1190 4320 pareo.
1199 4271 1239 4292 -·-

110 4337 283 4403 gladiatorem
301 4335 442 4388 rudiarium
456 4335 545 4400 luisse,
565 4341 659 4404 opunte
698 4348 766 4390 uera.
780 4343 806 4390 et
821 4343 867 4389 oet.
878 4337 933 4391 lud.
946 4352 992 4407 μ,
1013 4335 1157 4391 anbmdir
1179 4352 1238 4389 rer-

110 4429 228 4492 apparet.
273 4419 330 4475 Sed
353 4420 474 4474 libertate
492 4431 595 4487 quoque
608 4420 677 4479 do-,
698 4417 770 4475 albor
786 4425 814 4474 et
829 4422 923 4476 oeten
938 4423 1044 4489 ludiim,
1057 4419 1238 4489 quiboanra-
1343 4421 1346 4424 ’
