2800 4909
184 356 248 419 luo
475 347 985 432 ·Q.1101tnu11·1tuucct

129 567 131 572 .
182 511 305 602 ingens
331 507 463 580 accedit
490 505 669 581 stomacho
695 509 823 580 fultura
848 509 965 579 ruenti.

181 615 239 684 Tu
262 611 396 682 cessas?
420 611 593 703 Agedum,
616 633 710 681 sume
724 611 795 685 lroc
807 615 1025 706 ptisanarium
1048 635 1183 704 oryzae.
1238 609 1325 682 155

181 717 307 800 Quanti
326 713 461 783 cintae?
486 716 607 782 Parvo.
660 715 787 800 Quanti
811 719 924 811 ergo?
948 716 1155 788 Octussibus.
1192 715 1324 786 Eheu!

150 821 152 824 ’
180 817 274 902 Quid
299 818 420 900 refert,
445 818 584 901 morbo,
610 839 653 883 an
662 813 775 886 ‘furtis
796 841 981 910 pereamve
1004 819 1158 910 rapinis?

179 921 342 1005 Quisnam
366 919 470 1011 igitur
496 919 619 987 sanus?
644 915 715 1004 Qui
739 941 808 989 non
832 923 961 992 stultus
1013 921 1109 1007 Quia
1134 919 1287 991 avarus?

178 1024 306 1093 Stultus
332 1031 366 1092 et
389 1023 530 1099 insanue,
585 1019 855 1114 Quintoque
878 1048 947 1094 non
971 1025 1165 1114 altramnus,
1274 1101 1278 1107 ,

178 1127 348 1196 Continuo
371 1125 493 1194 sanus?
518 1123 671 1197 Minime.
722 1126 810 1213 Cur,
833 1127 975 1198 Stoice?
992 1129 1129 1223 ⁵llicam.
1235 1125 1322 1198 ltu

176 1231 256 1300 Non
283 1239 332 1300 est
357 1227 548 1314 cardiacus,
579 1229 774 1322 (Craterum
799 1231 919 1300 dixisse
944 1233 1094 1323 putata)

177 1335 246 1405 llic
269 1355 383 1426 aeger.
434 1331 543 1404 Recte
570 1343 619 1402 est
641 1333 764 1426 igitur,
789 1335 996 1428 surgetquc?
1021 1332 1187 1426 Negabit3

179 1434 284 1523 Quod
309 1439 395 1506 latus
417 1446 479 1505 'aut
502 1458 599 1505 renes
625 1439 745 1506 morbo
772 1447 940 1508 tententur
964 1448 1075 1510 acuto.

178 1543 258 1612 Non
284 1551 332 1608 est
355 1542 528 1632 periurus,
554 1563 663 1630 neque
690 1541 862 1610 sordidus:
889 1543 1044 1610 immolet
1067 1539 1183 1627 aequis

180 1646 248 1714 Hic
266 1666 410 1734 porcum
426 1643 580 1716 Laribus,
623 1644 750 1715 Verum
776 1646 970 1713 ambitiosus
994 1655 1028 1714 ct
1052 1637 1180 1712 autlax:
1234 1637 1317 1710 165

178 1749 327 1839 Naviget
350 1747 564 1836 Anticyram:
589 1745 673 1836 quid
698 1748 787 1816 enirn
812 1747 946 1833 differt,
971 1745 1175 1816 barathrone

178 1847 313 1935 Dones,
340 1841 502 1940 quicquid
527 1849 652 1928 habes;
678 1873 721 1918 an
745 1873 916 1940 nunquam
941 1861 1036 1920 utare
1060 1845 1213 1942 paratis?

153 1953 312 2023 'Servius
337 1953 509 2046 Oppidius
535 1951 657 2022 Canusi
681 1953 752 2021 duo
777 1955 937 2046 praedia,
961 1953 1055 2024 (lives

176 2059 326 2148 Antiqua
353 2079 473 2142 censu,
498 2057 582 2124 natu
606 2055 728 2125 divisse
752 2057 885 2127 duobus

176 2161 314 2250 Fertur,
342 2159 489 2230 ethaeo
513 2161 658 2228 moriens
682 2161 795 2250 pueris
821 2161 942 2230 dixisse
965 2159 1094 2232 vocatis
1217 2157 1315 2228 ,lto

175 2265 400 2336 Adiectum:
425 2265 611 2354 Postquam
635 2272 670 2331 te
694 2263 801 2350 talos,
826 2264 936 2350 Aule,
958 2285 1131 2354 nucesque

175 2455 177 2462 '
217 2455 318 2510 v.155.
347 2455 396 2508 boc
416 2453 590 2523 ptisanars'usn
612 2467 719 2522 oryzae,
761 2457 859 2510 turitte
874 2471 904 2510 re
919 2455 1180 2527 babet-negabit,
1193 2456 1314 2511 accra-

124 2560 128 2566 ’
175 2541 291 2607 intellige
312 2541 482 2594 sorbitionem
498 2554 532 2592 ex
544 2555 624 2605 oryza
640 2539 718 2606 (nost
761 2547 841 2596 teras.

174 2627 253 2692 Rata)
279 2625 433 2678 contectam.
473 2625 541 2678 Pliu.
563 2625 632 2678 flio.
657 2623 719 2678 Nat.
803 2643 827 2680 r.
838 2627 896 2680 163.
916 2627 1004 2679 morbo
1012 2632 1098 2691 acuto,
1112 2627 1314 2682 sentiend-

174 2709 337 2774 xvrlt,1³.
368 2711 485 2764 Maxime
507 2727 588 2778 aspra
600 2709 720 2779 gaudeat
764 2712 817 2764 oris
830 2712 937 2765 doloris.

176 2795 278 2864 (ludi),
301 2811 332 2847 es
350 2813 403 2865 quea
419 2797 552 2864 ptisanam
573 2797 719 2862 conjiciant,
803 2813 827 2849 v.
844 2797 902 2850 166.
924 2797 1034 2864 nauigat
1043 2797 1206 2864 Μαρια,
1219 2797 1254 2851 ot'.
1276 2798 1313 2852 sd

174 2899 254 2950 quam
269 2881 365 2949 reliqui
378 2883 500 2935 mortales
517 2897 549 2933 aa
564 2880 670 2934 hordeo.
684 2907 720 2919 -
761 2897 785 2934 v.
801 2882 843 2936 83.
869 2909 907 2920 -
930 2881 1087 2934 barathrone
1100 2883 1169 2935 Dour.
1180 2885 1313 2952 quicquid

174 2959 223 3019 Ex'
238 2967 345 3035 ptisana
359 2967 484 3020 Horatius
508 2965 570 3019 iecit
589 2965 720 3018 diminuti·
761 2967 837 3031 bal,
861 2973 948 3019 utrum
962 2982 1025 3033 opes
1043 2975 1101 3019 tuas
1116 2969 1267 3021 ambitionis
1283 2974 1313 3022 et

175 3068 235 3104 uum
259 3053 450 3121 pascuarium,
471 3051 590 3120 apposite
605 3065 669 3104 sane
685 3052 720 3103 ad
761 3053 864 3119 gratiae
885 3052 1031 3118 captandae
1054 3068 1134 3104 causa
1150 3053 1235 3106 dones
1258 3069 1312 3121 po-

176 3153 276 3192 morem
285 3138 453 3202 medicorum,
462 3135 619 3190 mollioribus
634 3136 719 3188 uerbis
761 3139 837 3205 pulo,
859 3139 902 3203 qui
922 3135 1046 3188 barathro
1069 3136 1094 3189 lt.
1115 3153 1140 3190 e.
1162 3139 1313 3192 immensae

174 3225 264 3276 omnia
277 3223 346 3291 apud
362 3230 485 3292 aegrotos
500 3221 662 3274 elevandum.
699 3275 701 3280 ,
760 3223 876 3288 voragini
897 3223 983 3274 omnia
1004 3223 1155 3275 absorbenti
1171 3225 1312 3291 etdeglu-

218 3307 316 3362 ve158.
340 3325 402 3375 pror
427 3309 498 3377 Quid
513 3304 632 3360 auarus?
651 3305 718 3370 legi-
760 3308 834 3358 tienti
846 3312 886 3359 est
900 3307 1004 3370 cimilia,
1026 3323 1060 3358 an
1076 3313 1139 3360 cett.

173 3397 217 3444 tur
245 3395 271 3446 ln
300 3397 350 3446 ret.
372 3395 430 3446 libr.
457 3393 527 3460 apud
549 3393 630 3446 Fauor
654 3389 719 3457 Quia
801 3391 901 3445 v.169.
930 3392 1006 3443 aaa
1020 3393 1135 3462 Antiqua
1150 3407 1246 3458 mss,
1260 3409 1311 3461 pro

173 3477 294 3530 avana?
324 3479 394 3544 quod
416 3495 468 3531 non
489 3476 624 3545 displicet,
657 3476 718 3540 qula
760 3478 876 3540 maone,
903 3490 955 3541 qus
964 3477 1059 3544 alquis
1077 3479 1221 3545 audqaitu
1236 3479 1310 3532 dives

172 3562 277 3616 dixerat
305 3563 383 3615 modo
413 3563 554 3617 Horatius:
593 3559 719 3627 eraam
762 3562 926 3614 censebatur.

172 3645 259 3716 igitur
276 3645 377 3700 sanus?
464 3711 466 3716 Ι
801 3659 826 3698 s.
841 3645 900 3698 171.
926 3647 1012 3711 talos,
1036 3645 1153 3712 quodds
1167 3647 1214 3711 iis,
1238 3663 1309 3716 quae

216 3750 238 3786 v.
249 3735 306 3785 tuo.
329 3749 383 3797 cor,
402 3729 512 3784 btor'ce?
533 3730 672 3784 Stertinius
688 3745 718 3784 ro
760 3731 796 3784 ad
805 3731 916 3784 talorum
933 3737 960 3783 et
976 3738 1133 3783 tesserarum
1145 3733 1235 3785 ludum
1243 3749 1308 3802 spe-

170 3815 255 3885 ipsum
270 3825 299 3872 ut
314 3817 432 3870 Stoicum
447 3818 568 3884 appellat.
590 3834 595 3851 ¹
760 3823 842 3882 etant,
854 3817 923 3870 scire
939 3832 1005 3884 opas
1019 3823 1068 3880 est,
1083 3817 1198 3870 breviter
1213 3825 1242 3871 et
1261 3833 1308 3871 aa·

213 3921 238 3957 v.
257 3906 314 3957 161.
336 3903 490 3967 cardiacus,
514 3902 557 3968 qui
579 3899 717 3966 stomachi,
760 3910 850 3955 curate
864 3903 986 3968 exposuit
1002 3903 1103 3956 Emicat.
1121 3903 1148 3954 iri
1163 3904 1237 3957 Clau.
1250 3903 1307 3957 Cic.

170 4005 248 4054 quern
263 3995 364 4041 veteres
381 3988 477 4041 Gracci
491 3983 610 4048 καρδίαν
623 3988 714 4054 appel·
758 4005 779 4040 s.
793 4003 858 4040 voce
874 3987 952 4040 talos⁸

172 4073 279 4139 labant,
300 4073 432 4125 doloribus
449 4071 580 4139 affligitur.
598 4073 714 4124 -Cra-
797 4087 821 4124 v.
836 4071 1002 4124 tut-175.
1029 4078 1167 4142 paquara
1181 4079 1209 4127 ts
1227 4075 1306 4128 talos.

171 4165 269 4224 terum,
296 4159 379 4215 Sebol.
406 4161 465 4211 Aer.
486 4159 609 4212 dictetur
628 4157 715 4223 fuisse
755 4157 830 4235 Sicut
851 4155 944 4220 lrodie,
968 4157 1006 4208 ita
1025 4159 1088 4209 olum
1103 4173 1208 4226 quoque
1228 4162 1306 4227 pueri

167 4241 269 4297 ‘dicitur
284 4245 336 4299 itta
350 4245 506 4314 tenporibus
521 4243 714 4313 opinatissimus
756 4243 834 4306 talis,
864 4241 971 4317 nocitus
989 4257 1038 4309 pro
1059 4245 1175 4310 praemio
1198 4246 1306 4313 posim,

171 4331 295 4382 meabas.
755 4327 844 4379 tuden
859 4327 986 4379 solebant
1013 4328 1083 4380 ilinc
1096 4328 1308 4396 mansidienu·

216 4427 240 4484 y.
250 4413 308 4466 162.
328 4420 397 4470 reate
410 4422 448 4472 est
460 4415 554 4486 lgttur,
574 4417 647 4467 recte
663 4411 714 4480 tgt-
754 4411 1000 4494 pttalilspargctaat
1012 4429 1098 4480 sacas,
1111 4413 1201 4482 (virg.
1209 4414 1305 4484 lictog.
